@inproceedings{huang-et-al:scheme,
  author = "Huang, G. and Liu, Z. and Maaten, L. and Weinberger, K.",
  title = "{Densely connected convolutional networks}",
  booktitle = "Proc. CVPR",
  year = "2017",
  pages = "2261–2269"
}

@inproceedings{hu-et-al:scheme,
  author = "Hu, J. and Shen, L. and Sun, G.",
  title = "{Squeeze-and-excitation networks}",
  booktitle = "Proc. CVPR",
  year = "2018",
  pages = " 7132-7141"
}

@inproceedings{chorowski-et-al:scheme,
  title= "{Attention-based models for speech recognition}",
  author= "Chorowski, J. K. and Bahdanau, D. and Serdyuk, D. and Cho, K. and Bengio, Y.",
  booktitle = "Proc. NIPS",
  pages = "577-585",
  year = "2015"
}

@article{hybrid_ctc_attention:scheme,
title="{Hybrid ctc/attention architecture for end-to-end speech recognition}",
author="Watanabe, S. and Hori, T. and Kim, S. and Hershey, J. R. and Hayashi, T.",
journal="IEEE Journal of Selected Topics in Signal Processing",
volume = "11",
number = "8",
pages = "1240–1253",
year = "2017"
}

@inproceedings{devlin-et-al:schoeme,
  author = "Devlin, J. and Chang, M. and Lee, K. and Toutanova, K.",
  title = "{Bert: pre-training of deep bidirectional transformers for language understanding}",
  booktitle = "Proc. NAACL",
  year = "2019",
  pages = "4171-4186"
}

@inproceedings{pruning1:scheme,
  author = "Han, S. and Mao, H. and Dally, W. J.",
  title = "{Deep compression: compressing deep neural network with pruning, trained quantization and huffman coding}",
  booktitle = "Proc. ICLR",
  year = "2016",
}

@inproceedings{pruning2:scheme,
  author = "Li, H. and Kadav, A. and Durdanovic, I. and Samet, H. and Graf, H. P.",
  title = "{Pruning filters for efficient convnets}",
  booktitle = "Proc. ICLR",
  year = "2017",
}

@inproceedings{quantization:scheme,
  author = "Wu, J. and Cong, L. and Wang, Y. and Hu, Q. and Cheng, J.",
  title = "{Quantized convolutional neural networks for mobile devices}",
  booktitle = "Proc. CVPR",
  pages = "4820–4828",
  year = "2016",
}


@inproceedings{bucila-et-al:scheme,
  author = "Bucila, C. and Caruana, R. and Niculescu-Mizil, A.",
  title = "{Model compression}",
  booktitle = "Proc. ACM SIGKDD",
  year = "2006",
  pages = "535–541"
}

@inproceedings{hinton_kd-et-al:scheme,
  author = "Hinton, G. and Vinyals, O. and Dean, J.",
  title = "{Distilling the knowledge in a neural network}",
  booktitle = "Proc. NIPS Workshop Deep Learn.",
  year = "2014"
}

@inproceedings{dodeep:scheme,
  author={Ba, J. and Caruana, R.},
  title = "Do deep nets really need to be deep?",
  booktitle = "Proc. NIPS",
  pages = "2654-2662",
  year = "2014"
}

@inproceedings{romero-et-al:scheme,
  author={Romero, A. and Ballas, N. and Kahou, S. E. and Chassang, A. and Gatta, C. and Bengio, Y.},
  title = "Fitnets: hints for thin deep nets",
  booktitle = "Proc. ICLR",
  year = "2015"
}

@inproceedings{fsp:scheme,
  author={Yim, J. and Joo, D. and Bae, J. and Kim, J.},
  title = "A gift from knowledge distillation: fast optimization, network minimization and transfer learning",
  booktitle = "Proc. CVPR",
  year = "2017"
}

@inproceedings{at:scheme,
  author={Zagoruyko, S. and Komodakis, N.},
  title = "Paying more attention to attention: improving the performance of convolutional neural networks via attention transfer",
  booktitle = "Proc. ICLR",
  year = "2017"
}

@inproceedings{jacobian:scheme,
  author={Srinivas, S. and Fleuret, F.},
  title = "Knowledge transfer with jacobian matching",
  booktitle = "Proc. ICML",
  year = "2018"
}

@inproceedings{factor:scheme,
  author={Kim, J. and Park, S. and Kwak, N.},
  title = "Paraphrasing complex network: network compression via factor transfer",
  booktitle = "Proc. NIPS",
  pages = "2760–2769",
  year = "2018"
}

@inproceedings{boundary:scheme,
  author={Heo, B. and Lee, M. and Yun, S. and Choi, J. Y.},
  title = "Knowledge transfer via distillation of activation boundaries formed by hidden neurons",
  booktitle = "Proc. AAAI",
  pages = "3779–3787",
  year = "2019"
}

@inproceedings{relation:scheme,
  author={Park, W. and Kim, D. and Lu, Yan. and Cho, M.},
  title = "Relational knowledge distillation",
  booktitle = "Proc. CVPR",
  pages = "3967-3976",
  year = "2019"
}

@inproceedings{assistant:scheme,
  author={Mirzadeh, S. and Farajtabar, M. and Li, A. and Levine, N. and Matsukawa, A. and Ghasemzadeh1, H.},
  title = "Improved Knowledge Distillation via Teacher Assistant",
  booktitle = "Proc. AAAI",
  pages = "5191-5198",
  year = "2020"
}

@inproceedings{showanddistill:scheme,
  author={Ji, M. and Heo, B. and Park, S.},
  title = "Show, attend and distill: knowledge distillation via attention-based Feature matching",
  booktitle = "Proc. AAAI",
  pages = "7945-7952",
  year = "2021"
}


@inproceedings{ graves-et-al:scheme,
title={Connectionist temporal classification: labelling unsegmented sequence data with recurrent neural networks},
author={Graves, A. and Fern{\'a}ndez, S. and Gomez, F. and Schmidhuber, J.},
booktitle = "Proc. ICML",
pages = "369-376",
year = "2006"
}

@inproceedings{las:scheme,
  title={Listen, attend and spell: a neural network for large vocabulary conversational speech recognition},
  author={Chan, W. and Jaitly, N. and Le, Q. V. and Vinyals, O.},
  booktitle={Proc. ICASSP},
  pages={4960-4964},
  year={2016}
}

@inproceedings{transformer:scheme,
  title={Attention is all you need},
  author={Vaswani, A. and others},
  booktitle = "Proc. NIPS",
  pages = "5998-6008",
  year = "2017"
}

@inproceedings{clova:scheme,
  title={What is wrong with scene text recognition model comparisons?},
  author={Baek, J. and Kim, G. and Lee, j. and Park, S. and Han, D. and Yun, S. and Oh, S. J. and Lee, H.},
  booktitle = "Proc. ICCV",
  year = "2019"
}



@inproceedings{mj:scheme,
  title={Synthetic data and artificial neural networks for natural scene text recognition},
  author={Jaderberg, M. and Simonyan, K. and Vedaldi, A. and Zisserman, A.},
  booktitle = "Proc. NIPS",
  year = "2014"
}

@inproceedings{st:scheme,
  title={Synthetic data for text localisation in natural images},
  author={Gupta, A. and Vedaldi, A. and Zisserman, A.},
  booktitle = "Proc. CVPR",
  year = "2016"
}

@inproceedings{ic13:scheme,
  title={ICDAR 2013 robust reading competition},
  author={Karatzas, D. and others},
  booktitle = "Proc. ICDAR",
  pages = "1484–1493",
  year = "2013"
}

@inproceedings{ic15:scheme,
  title={ICDAR 2015 competition on robust reading},
  author={Karatzas, D. and others},
  booktitle = "Proc. ICDAR",
  pages = "1156–1160",
  year = "2015"
}

@inproceedings{iiit:scheme,
  title={Scene text recognition using higher order language priors},
  author={Mishra, A. and Alahari, K. and Jawahar, C.},
  booktitle = "Proc. BMVC",
  year = "2012"
}

@inproceedings{svt:scheme,
  title={End-to-end scenetext recognition},
  author={Wang, K. and Babenko, B. and Belongie, S.},
  booktitle = "Proc. ICCV",
  pages = "1457–1464",
  year = "2011"
}

@inproceedings{ic03:scheme,
  title={ICDAR 2003 robust reading competitions},
  author={Lucas, S. M. and others},
  booktitle = "Proc. ICDAR",
  pages = "682–687",
  year = "2003"
}

@inproceedings{svtp:scheme,
  title={Recognizing text with perspective distortion in natural scenes},
  author={Phan, T. Q. and others},
  booktitle = "Proc. ICCV",
  pages = "569–576",
  year = "2013"
}

@article{cute:scheme,
title="{A robust arbitrary text detection system for natural scene images}",
author="Risnumawan, A. and others",
journal="Expert Systems with Applications",
volume = "41",
pages = "8027–8048",
year = "2014"
}

@inproceedings{librispeech:scheme,
  author={Panayotov, V. and Chen, G. and Povey, D. and Khudanpur, S.},
  title = "Librispeech: an asr corpus based on public domain audio books",
  booktitle = "Proc. ICASSP",
  pages = "5206-5210",
  year = "2015"
}

@article{openseq2seq,
  title={Mixed-precision training for nlp and speech recognition with openseq2seq},
  author={Kuchaiev, O. and Ginsburg, B. and Gitman, I. and Lavrukhin, V. and Li, J. and Nguyen, H. and Case, C. and Micikevicius, P.},
  journal={arXiv preprint arXiv:1805.10387},
  year={2018}
}

@inproceedings{espnet:scheme,
  author={Watanabe, S. and others},
  title = "Espnet: end-to-end speech processing toolkit",
  booktitle = "Proc. INTERSPEECH",
  pages = "2207-2211",
  year = "2018"
}

@inproceedings{rosetta:scheme,
  author={Borisyuk, F. and others},
  title = "Rosetta: large scale system for text detection and recognition in images",
  booktitle = "Proc. ACM SIGKDD",
  pages = "71–79",
  year = "2018"
}

@inproceedings{starnet:scheme,
  author={Liu, W. and Chen, C. and  Wong, K. K. and Su, Z.},
  title = "Star-net: A spatial attention residue network for scene text recognition",
  booktitle = "Proc. BMVC",
  year = "2016"
}

@inproceedings{jasper:scheme,
  title={Jasper: An End-to-End Convolutional Neural Acoustic Model},
  author={Li, J. and Lavrukhin, V. and Ginsburg, B. and Leary, R. and Kuchaiev, O. and Cohen, J. M. and Nguyen, H. and Gadde, R. T.},
  booktitle = "Proc. INTERSPEECH",
  year = "2019"
}

@inproceedings{resnet:scheme,
  title={Deep residual learning for image recognition},
  author={He, K. and Zhang, X. and Ren, S. and Sun, J},
  pages = "770–778",
  booktitle = "Proc. CVPR",
  year = "2016"
}


@inproceedings{ chebotar-et-al:scheme,
  author={Chebotar, Y. and Waters, A.},
  title = "Distilling knowledge from ensembles of neural networks for speech recognition",
  booktitle = "Proc. INTERSPEECH",
  pages = "3439--3443",
  year = "2016"
}
@inproceedings{blending:scheme,
  author={Geras, K. J. and others},
  title = "Blending lstms into cnns",
  booktitle = "Proc. ICLR Workshop",
  year = "2016"
}
@inproceedings{ watanabe-et-al:scheme,
  author={Watanabe, S. and Hori, T. and L. Roux, J. and Hershey, J. R.},
  title = "Student-teacher network learning with enhanced features",
  booktitle = "Proc. ICASSP",
  pages = "5275-5279",
  year = "2017"
}
@inproceedings{ lu-et-al:scheme,
  author={Lu, L. and Guo, M. and Renals, S.},
  title = "Knowledge distillation for small-footprint highway networks",
  booktitle = "Proc. ICASSP",
  pages = "4820-4824",
  year = "2017"
}
@inproceedings{ fukuda-et-al:scheme,
  author={Fukuda, T. and Suzuki, M. and Kurata, G. and Thomas, S. and Cui, J. and Ramabhadran, B.},
  title = "Efficient knowledge distillation from an ensemble of teachers",
  booktitle = "Proc. INTERSPEECH",
  pages = "3697-3701",
  year = "2017"
}

@article{tutornet:scheme,
title={Tutornet: towards flexible knowledge distillation for end-to-end speech recognition},
author={Yoon, J. W. and Lee, H. and Kim, H. Y. and Cho, W. I. and Kim, N. S.},
journal={IEEE/ACM Transactions on Audio, Speech, and Language Processing},
volume = "29",
pages = "1626-1638",
year = "2021"
}

@article{nemo:scheme,
  title={Nemo: a toolkit for building AI applications using neural modules},
  author={Kuchaiev, O. and others},
  journal={arXiv preprint arXiv:1909.09577},
  year={2019}
}

@article{aishell:scheme,
  title={Aishell-2: transforming mandarin asr research into industrial scale},
  author={Du, J. and Nai, X. and Liu, X. and Bu, H.},
  journal={arXiv preprint arXiv:1808.10583},
  year={2018}
}

@article{mt_kd1,
  title={Ensemble distillation for neural machine translation},
  author={Freitag, M. and others},
  journal={arXiv preprint arXiv:1702.01802},
  year={2017}
}

@inproceedings{mt_kd2,
  title={Sequence-level knowledge distillation},
  author={Kim, Y. and Rush, A. M.},
  booktitle = {Proc. EMNLP},
  page = "1317–1327",
  year={2016}
}

@inproceedings{mt_kd3,
  title={Multilingual neural machine translation with knowledge distillation},
  author={Tan, X. and others},
  booktitle = {Proc. ICLR},
  year={2019}
}

@inproceedings{bert_1,
  title={Patient knowledge distillation for bert model compression},
  author={Sun, S. and others},
  booktitle = {Proc. EMNLP},
  page = "4323–4332",
  year={2019}
}

@inproceedings{bert_2,
  title={Knowledge distillation from internal representations},
  author={Aguilar, G. and others},
  booktitle = {Proc. AAAI},
  page = "7350–7357",
  year={2020}
}

@inproceedings{bert_3,
  title={Tinybert: distilling bert for natural language understanding},
  author={Jiao, X. and others},
  booktitle = {Proc. ENMLP},
  page = "4163–4174",
  year={2020}
}

@article{crnn:scheme,
title={An end-to-end
trainable neural network for image-based sequence recognition and its application to scene text recognition},
author={Shi, B. and others},
journal={IEEE Transactions on Pattern Analysis and Machine Intelligence},
volume = "39",
pages = "2298–2304",
year = "2017"
}

@inproceedings{vgg,
  title={Very deep convolutional networks for large-scale image recognition},
  author={Simonyan, K. and others},
  booktitle = {Proc. ICLR},
  year={2015}
}

@article{quartznet:scheme,
  title={Quartznet: deep automatic speech recognition with 1d time-channel separable convolutions},
  author={Kriman, S. and Beliaev, K. and  Ginsburg, B. and Huang, J. and Kuchaiev, O. and Lavrukhin, V. and Leary, R. and Li, J. and Zhang, Y.},
  journal={arXiv preprint arXiv:1910.10261},
  year={2019}
}

@inproceedings{Heafield2011KenLMFA,
  title={KenLM: faster and smaller language model queries},
  author={K. Heafield},
  booktitle={Proc. EMNLP},
  year={2011}
}

@article{ ginsburg-et-al:scheme,
  title={Stochastic gradient methods with layer-wise adaptive moments for training of deep networks},
  author={Ginsburg, B. and Castonguay, P. and Hrinchuk, O. and Kuchaiev, O. and Lavrukhin, V. and Leary, R. and Li, J. and Nguyen, H. and Cohen, J. M.},
  journal={arXiv preprint arXiv:1905.11286},
  year={2019}
}

@inproceedings{bpe:scheme,
  author={Sennrich, R. and Haddow, B. and Birch, A.},
  title = "Neural machine translation of rare words with subword units",
  booktitle = "Proc. ACL",
  pages = "1715–-1725",
  year = "2016"
}

@article{adadelta:scheme,
  title={Adadelta: an adaptive learning rate method},
  author={Zeiler, M. D.},
  journal={arXiv preprint arXiv:1212.5701v1},
  year={2012}
}

@inproceedings{firstasr:scheme,
  author={Li, J. and Zhao, R. and Huang, T. J. and Gong, Y.},
  title = "Learning small-size DNN with output-distribution-based criteria",
  booktitle = "Proc. INTERSPEECH",
  year = "2014"
}

@inproceedings{seq:scheme,
  author={Wong, J. H. M. and Gales, M. J. F.},
  title = "Sequence student-teacher training of deep neural networks",
  pages = "2761–-2765",
  booktitle = "Proc. INTERSPEECH",
  year = "2016"
}

@article{seq2:scheme,
title={General sequence teacher–student learning},
author={Wong, J. H. M. and Gales, M. J. F. and Wang, Y.},
journal={IEEE/ACM Transactions on Audio, Speech, and Language Processing},
volume = "27",
number = "11",
pages = "1725–-1736",
year = "2019"
}
@inproceedings{kurata2-et-al:scheme,
  title={Improved knowledge distillation from bi-directional to uni-directional lstm ctc for end-to-end speech recognition},
  author={Kurata, G. and Audhkhasi, K.},
  booktitle={Proc. SLT},
  pages={411--417},
  year={2018}
}

@inproceedings{ kurata-et-al:scheme,
  author={Kurata, G. and Audhkhasi, K.},
  title = "Guiding ctc posterior spike timings for improved posterior fusion and knowledge distillation",
  booktitle = "Proc. INTERSPEECH",
  pages = "1616--1620",
  year = "2019"
}

@inproceedings{ takashima-et-al:scheme,
  author={Takashima, R. and Li, S. and Kawai, H.},
  title = "An investigation of a knowledge distillation method for ctc acoustic models",
  booktitle = "Proc. ICASSP",
  pages = "5809--5813",
  year = "2018"
}

@inproceedings{ takashima-et-al2:scheme,
  author={Takashima, R. and Li, S. and Kawai, H.},
  title = "Investigation of sequence-level knowledge distillation methods for ctc acoustic models",
  booktitle = "Proc. ICASSP",
  pages = "6156--6160",
  year = "2019"
}

@inproceedings{ senior-et-al:scheme,
  author={Senior, A. and Sak, H. and C. Quitry, F. and Sainath, T. and Rao, K. and others},
  title={Acoustic modelling with cd-ctc-smbr lstm rnns},
  booktitle = "Proc. ASRU",
  pages = "604--609",
  year = "2015"
}

@inproceedings{compression:scheme,
title	= {Compression of end-to-end models},
author	= {Pang, R. and Sainath, T. and Prabhavalkar, R. and Gupta, S. and Wu, Y. and Zhang, S. and Chiu, C. C.},
booktitle = "Proc. INTERSPEECH",
page = "27--31",
year	= {2018}
}

@inproceedings{entropy:scheme,
title	= {Adaptive knowledge distillation based on entropy},
author	= {Kwon, K. and Na, H. and Lee, H. and Kim, N. S.},
booktitle = "Proc. ICASSP",
page = "7409--7413",
year	= {2020}
}

@inproceedings{wer_error:scheme,
title	= {Knowledge distillation using output errors for self-attention end-to-end models},
author = {Kim, H. G. and Na, H. and Lee, H. and Lee, J. and Kang, T. G. and Lee, M. J. and Choi, Y. S.},
booktitle = "Proc. ICASSP",
page = "6181--6185",
year	= {2019}
}

@inproceedings{distillhubert:scheme,
  title={Distilhubert: speech representation learning by layer-wise distillation of hidden-unit bert},
  author={Chang, H. and Yang, S. and Lee, H.},
  booktitle={Proc. ICASSP},
  year={2022}
}

@inproceedings{fithubert,
  title={Fithubert: going thinner and deeper for knowledge distillation of speech self-supervised learning},
  author={Lee, Y. and others},
  booktitle={Proc. INTERSPEECH},
  year={2022}
}


@inproceedings{lighthubert:scheme,
  title={Lighthubert: lightweight and configurable speech representation learning with once-for-all hidden-unit bert},
  author={Wang, R. and otheres},
  booktitle={Proc. INTERSPEECH},
  year={2022}
}

@inproceedings{textocr,
  author = "Singh, A. and Pang, G. and Toh, M. and Huang, J. and Galuba, W. and Hassner, T.",
  title = "{Textocr: towards large-scale end-to-end reasoning for arbitrary-shaped scene text}",
  booktitle = "Proc. CVPR",
  year = "2021",
  pages = "8802–8812"
}

@inproceedings{transformer-xl,
  author={Dai, Z. and Yang, Z. and Yang, Y. and Carbonell, J. and Le, Q. and Salakhutdinov, R.},
  title = "Transformer-xl: attentive language models beyond a fixed-length context",
  booktitle = "Proc. ACL",
  pages = "2978–-2988",
  year = "2019"
}

@article{iwslt1,
title={Multi-teacher distillation with single model for neural machine translation},
author={Liang, X. and Wu, L. and Li, J. and Qin, T. and Zhang, M. and Liu, T.},
journal={IEEE/ACM Transactions on Audio, Speech, and Language Processing},
volume = "30",
pages = "992--1002",
year = "2022"
}

@inproceedings{iwslt2,
  title={Why skip if you can combine: a simple knowledge distillation technique for intermediate layers},
  author={Wu, Y. and Passban, P. and Rezagholizade, M. and Liu, Q.},
  booktitle = {Proc. EMNLP},
  page = "1016–-1021",
  year={2020}
}

@inproceedings{iwslt3,
  author = "Liu, Q. and Kusner, M. and Blunsom, P.",
  title = "{Counterfactual data augmentation for neural machine translation}",
  booktitle = "Proc. NAACL",
  year = "2021",
  pages = "187-–197"
}

@inproceedings{ocr2,
  author = "Xu, X. and Chen, J. and Xiao, J. and Gao, L. and Shen, F. and Shen, H. T.",
  title = "{What machines see is not what they get: fooling scene text recognition
models with adversarial text images}",
  booktitle = "Proc. CVPR",
  year = "2020",
  pages = "12304-–12314"
}

@inproceedings{asr2,
  title={Correction of automatic speech recognition with transformer sequence-to-sequence model},
  author={Hrinchuk, O. and Popova, M. and Ginsburg, B.},
  booktitle={Proc. ICASSP},
  year={2020}
}

@inproceedings{asr1,
  title={Integer-only zero-shot quantization for efficient speech recognition},
  author={Kim, S. and others},
  booktitle={Proc. ICASSP},
  year={2022}
}

@inproceedings{asr3,
  title={Cacnet: cube attentional cnn for automatic speech recognition},
  author={Zhang, N. and Wang, J. and Wei, W. and Qu, x. and Cheng, N. and Xiao, J.},
  booktitle={Proc. IJCNN},
  year={2021}
}

@inproceedings{acours_lin1,
  title={Wav-bert: cooperative acoustic and linguistic representation learning for low-resource speech recognition},
  author={Zheng, G. and others},
  booktitle={Proc. EMNLP},
  year={2021}
}

@inproceedings{acours_lin2,
  title={Leveraging acoustic and linguistic embeddings from pretrained speech and language models for intent classification},
  author={Sharma, B. and others},
  booktitle={Proc. ICASSP},
  year={2021}
}

@article{acours_lin3,
title="{Efficiently fusing pretrained acoustic and linguistic encoders for low-resource speech recognition}",
author="Yi, C. and Zhou, S. and Xu, B.",
journal="IEEE Signal Processing Letters",
year = "2021"
}

@article{acours_lin4,
title={Non-autoregressive transformer-based end-to-end asr using bert},
author={Yu, F. and Chen, K.},
journal={IEEE/ACM Transactions on Audio, Speech, and Language Processing},
volume = "30",
pages = "1474--1482",
year = "2022"
}

@article{acours_lin5,
title={Adapt-and-adjust: overcoming the long-tail problem of multilingual speech recognition},
author={Winata, G. and others},
journal={arXiv preprint arXiv:2012.01687},
year={2020}
}


@article{target1,
title={Deliberation networks: sequence generation deyond one-pass decoding},
author={Xia, Y. and others},
booktitle={Proc. NIPS},
year={2017}
}

@inproceedings{imputer,
  title={Imputer: sequence modelling via imputation and dynamic programming},
  author={Chan, W. and Saharia, C. and Hinton, G. and Norouzi, M. and Jaitly, N.},
  booktitle = "Proc. ICML",
  year = "2020"
}

@inproceedings{mask-ctc,
  title={Mask ctc: non-autoregressive end-to-end asr with ctc and mask predict},
  author={Higuchi, Y. and Watanabe, S. and Chen, N. and Ogawa, T. and Kobayashi, T.},
  booktitle = "Proc. INTERSPEECH",
  year = "2020"
}