@article{robustdeeprl,
  author    = {Tuomas P. Oikarinen and
               Tsui{-}Wei Weng and
               Luca Daniel},
  title     = {Robust Deep Reinforcement Learning through Adversarial Loss},
  journal   = {CoRR},
  volume    = {abs/2008.01976},
  year      = {2020},
  url       = {https://arxiv.org/abs/2008.01976},
  eprinttype = {arXiv},
  eprint    = {2008.01976},
  timestamp = {Fri, 07 Aug 2020 15:07:21 +0200},
  biburl    = {https://dblp.org/rec/journals/corr/abs-2008-01976.bib},
  bibsource = {dblp computer science bibliography, https://dblp.org}
}

@inproceedings{robustRL,
  author    = {Huan Zhang and
               Hongge Chen and
               Duane S. Boning and
               Cho{-}Jui Hsieh},
  title     = {Robust Reinforcement Learning on State Observations with Learned Optimal
               Adversary},
  booktitle = {9th International Conference on Learning Representations, {ICLR} 2021,
               Virtual Event, Austria, May 3-7, 2021},
  publisher = {OpenReview.net},
  year      = {2021},
  url       = {https://openreview.net/forum?id=sCZbhBvqQaU},
  timestamp = {Tue, 10 Aug 2021 16:44:53 +0200},
  biburl    = {https://dblp.org/rec/conf/iclr/ZhangCBH21.bib},
  bibsource = {dblp computer science bibliography, https://dblp.org}
}

@inproceedings{KuditipudiWLZLH19,
  author    = {Rohith Kuditipudi and
               Xiang Wang and
               Holden Lee and
               Yi Zhang and
               Zhiyuan Li and
               Wei Hu and
               Rong Ge and
               Sanjeev Arora},
  editor    = {Hanna M. Wallach and
               Hugo Larochelle and
               Alina Beygelzimer and
               Florence d'Alch{\'{e}}{-}Buc and
               Emily B. Fox and
               Roman Garnett},
  title     = {Explaining Landscape Connectivity of Low-cost Solutions for Multilayer
               Nets},
  booktitle = {Advances in Neural Information Processing Systems 32: Annual Conference
               on Neural Information Processing Systems 2019, NeurIPS 2019, December
               8-14, 2019, Vancouver, BC, Canada},
  pages     = {14574--14583},
  year      = {2019},
  url       = {https://proceedings.neurips.cc/paper/2019/hash/46a4378f835dc8040c8057beb6a2da52-Abstract.html},
  timestamp = {Thu, 21 Jan 2021 15:15:20 +0100},
  biburl    = {https://dblp.org/rec/conf/nips/KuditipudiWLZLH19.bib},
  bibsource = {dblp computer science bibliography, https://dblp.org}
}

@article{procgen,
  author    = {Karl Cobbe and
               Christopher Hesse and
               Jacob Hilton and
               John Schulman},
  title     = {Leveraging Procedural Generation to Benchmark Reinforcement Learning},
  journal   = {CoRR},
  volume    = {abs/1912.01588},
  year      = {2019},
  url       = {http://arxiv.org/abs/1912.01588},
  eprinttype = {arXiv},
  eprint    = {1912.01588},
  timestamp = {Thu, 02 Jan 2020 18:08:18 +0100},
  biburl    = {https://dblp.org/rec/journals/corr/abs-1912-01588.bib},
  bibsource = {dblp computer science bibliography, https://dblp.org}
}

@article{transferrl,
author = {Taylor, Matthew E. and Stone, Peter},
title = {Transfer Learning for Reinforcement Learning Domains: A Survey},
year = {2009},
issue_date = {December 2009},
publisher = {JMLR.org},
volume = {10},
issn = {1532-4435},
journal = {J. Mach. Learn. Res.},
month = dec,
pages = {1633â€“1685},
numpages = {53}
}
@inproceedings{DBLP:conf/icml/LiuRLF21,
  author    = {Evan Zheran Liu and
               Aditi Raghunathan and
               Percy Liang and
               Chelsea Finn},
  editor    = {Marina Meila and
               Tong Zhang},
  title     = {Decoupling Exploration and Exploitation for Meta-Reinforcement Learning
               without Sacrifices},
  booktitle = {Proceedings of the 38th International Conference on Machine Learning,
               {ICML} 2021, 18-24 July 2021, Virtual Event},
  series    = {Proceedings of Machine Learning Research},
  volume    = {139},
  pages     = {6925--6935},
  publisher = {{PMLR}},
  year      = {2021},
  url       = {http://proceedings.mlr.press/v139/liu21s.html},

}

@article{DBLP:journals/corr/abs-2005-02934,
  author    = {Pierre{-}Alexandre Kamienny and
               Matteo Pirotta and
               Alessandro Lazaric and
               Thibault Lavril and
               Nicolas Usunier and
               Ludovic Denoyer},
  title     = {Learning Adaptive Exploration Strategies in Dynamic Environments Through
               Informed Policy Regularization},
  journal   = {CoRR},
  volume    = {abs/2005.02934},
  year      = {2020},
  url       = {https://arxiv.org/abs/2005.02934},
  eprinttype = {arXiv},
  eprint    = {2005.02934},
}

@inproceedings{DBLP:conf/iclr/MirzadehFGP021,
  author    = {Seyed{-}Iman Mirzadeh and
               Mehrdad Farajtabar and
               Dilan G{\"{o}}r{\"{u}}r and
               Razvan Pascanu and
               Hassan Ghasemzadeh},
  title     = {Linear Mode Connectivity in Multitask and Continual Learning},
  booktitle = {9th International Conference on Learning Representations, {ICLR} 2021,
               Virtual Event, Austria, May 3-7, 2021},
  publisher = {OpenReview.net},
  year      = {2021},
  url       = {https://openreview.net/forum?id=Fmg\_fQYUejf},
  timestamp = {Wed, 23 Jun 2021 17:36:39 +0200},
  biburl    = {https://dblp.org/rec/conf/iclr/MirzadehFGP021.bib},
  bibsource = {dblp computer science bibliography, https://dblp.org}
}

@inproceedings{subspace,
  author    = {Mitchell Wortsman and
               Maxwell Horton and
               Carlos Guestrin and
               Ali Farhadi and
               Mohammad Rastegari},
  editor    = {Marina Meila and
               Tong Zhang},
  title     = {Learning Neural Network Subspaces},
  booktitle = {Proceedings of the 38th International Conference on Machine Learning,
               {ICML} 2021, 18-24 July 2021, Virtual Event},
  series    = {Proceedings of Machine Learning Research},
  volume    = {139},
  pages     = {11217--11227},
  publisher = {{PMLR}},
  year      = {2021},
  url       = {http://proceedings.mlr.press/v139/wortsman21a.html},
  timestamp = {Wed, 25 Aug 2021 17:11:17 +0200},
  biburl    = {https://dblp.org/rec/conf/icml/WortsmanHGFR21.bib},
  bibsource = {dblp computer science bibliography, https://dblp.org}
}

@inproceedings{DBLP:conf/nips/GaripovIPVW18,
  author    = {Timur Garipov and
               Pavel Izmailov and
               Dmitrii Podoprikhin and
               Dmitry P. Vetrov and
               Andrew Gordon Wilson},
  editor    = {Samy Bengio and
               Hanna M. Wallach and
               Hugo Larochelle and
               Kristen Grauman and
               Nicol{\`{o}} Cesa{-}Bianchi and
               Roman Garnett},
  title     = {Loss Surfaces, Mode Connectivity, and Fast Ensembling of DNNs},
  booktitle = {Advances in Neural Information Processing Systems 31: Annual Conference
               on Neural Information Processing Systems 2018, NeurIPS 2018, December
               3-8, 2018, Montr{\'{e}}al, Canada},
  pages     = {8803--8812},
  year      = {2018},
  url       = {https://proceedings.neurips.cc/paper/2018/hash/be3087e74e9100d4bc4c6268cdbe8456-Abstract.html},
  timestamp = {Thu, 21 Jan 2021 15:15:21 +0100},
  biburl    = {https://dblp.org/rec/conf/nips/GaripovIPVW18.bib},
  bibsource = {dblp computer science bibliography, https://dblp.org}
}

@inproceedings{DBLP:conf/nips/KumarKLF20,
  author    = {Saurabh Kumar and
               Aviral Kumar and
               Sergey Levine and
               Chelsea Finn},
  editor    = {Hugo Larochelle and
               Marc'Aurelio Ranzato and
               Raia Hadsell and
               Maria{-}Florina Balcan and
               Hsuan{-}Tien Lin},
  title     = {One Solution is Not All You Need: Few-Shot Extrapolation via Structured
               MaxEnt {RL}},
  booktitle = {Advances in Neural Information Processing Systems 33: Annual Conference
               on Neural Information Processing Systems 2020, NeurIPS 2020, December
               6-12, 2020, virtual},
  year      = {2020},
  url       = {https://proceedings.neurips.cc/paper/2020/hash/5d151d1059a6281335a10732fc49620e-Abstract.html},
  timestamp = {Tue, 19 Jan 2021 15:57:45 +0100},
  biburl    = {https://dblp.org/rec/conf/nips/KumarKLF20.bib},
  bibsource = {dblp computer science bibliography, https://dblp.org}
}
@article{Duan2016RL2,
  author    = {Yan Duan and
               John Schulman and
               Xi Chen and
               Peter L. Bartlett and
               Ilya Sutskever and
               Pieter Abbeel},
  title     = {RL{\textdollar}{\^{}}2{\textdollar}: Fast Reinforcement Learning via
               Slow Reinforcement Learning},
  journal   = {CoRR},
  volume    = {abs/1611.02779},
  year      = {2016},
  url       = {http://arxiv.org/abs/1611.02779},
  archivePrefix = {arXiv},
  eprint    = {1611.02779},
  timestamp = {Mon, 03 Sep 2018 12:15:29 +0200},
  biburl    = {https://dblp.org/rec/bib/journals/corr/DuanSCBSA16},
  bibsource = {dblp computer science bibliography, https://dblp.org}
}


@ARTICLE{task_inference,
       author = {{Humplik}, Jan and {Galashov}, Alexandre and {Hasenclever}, Leonard and
         {Ortega}, Pedro A. and {Whye Teh}, Yee and {Heess}, Nicolas},
        title = "{Meta reinforcement learning as task inference}",
      journal = {arXiv e-prints},
     keywords = {Computer Science - Machine Learning, Computer Science - Artificial Intelligence, Statistics - Machine Learning},
         year = "2019",
        month = "May",
          eid = {arXiv:1905.06424},
        pages = {arXiv:1905.06424},
archivePrefix = {arXiv},
       eprint = {1905.06424},
 primaryClass = {cs.LG},
       adsurl = {https://ui.adsabs.harvard.edu/abs/2019arXiv190506424H},
      adsnote = {Provided by the SAO/NASA Astrophysics Data System}
}

@inproceedings{Hausman2018LatentSpace,
author    = {Karol Hausman and
             Jost Tobias Springenberg and
             Ziyu Wang and
             Nicolas Heess and
             Martin A. Riedmiller},
title     = {Learning an Embedding Space for Transferable Robot Skills},
booktitle = {{ICLR} (Poster)},
publisher = {OpenReview.net},
year      = {2018}
}

@ARTICLE{MAML,
       author = {{Finn}, Chelsea and {Abbeel}, Pieter and {Levine}, Sergey},
        title = "{Model-Agnostic Meta-Learning for Fast Adaptation of Deep Networks}",
      journal = {arXiv e-prints},
     keywords = {Computer Science - Machine Learning, Computer Science - Artificial Intelligence, Computer Science - Computer Vision and Pattern Recognition, Computer Science - Neural and Evolutionary Computing},
         year = "2017",
        month = "Mar",
          eid = {arXiv:1703.03400},
        pages = {arXiv:1703.03400},
archivePrefix = {arXiv},
       eprint = {1703.03400},
 primaryClass = {cs.LG},
       adsurl = {https://ui.adsabs.harvard.edu/abs/2017arXiv170303400F},
      adsnote = {Provided by the SAO/NASA Astrophysics Data System}
}

@incollection{lazaric2012transfer,
  title={Transfer in reinforcement learning: a framework and a survey},
  author={Lazaric, Alessandro},
  booktitle={Reinforcement Learning},
  pages={143--173},
  year={2012},
  publisher={Springer}
}

@inproceedings{multitask_RL,
author = {Wilson, Aaron and Fern, Alan and Ray, Soumya and Tadepalli, Prasad},
title = {Multi-Task Reinforcement Learning: A Hierarchical Bayesian Approach},
year = {2007},
isbn = {9781595937933},
publisher = {Association for Computing Machinery},
address = {New York, NY, USA},
url = {https://doi.org/10.1145/1273496.1273624},
doi = {10.1145/1273496.1273624},
booktitle = {Proceedings of the 24th International Conference on Machine Learning},
pages = {1015â€“1022},
numpages = {8},
location = {Corvalis, Oregon, USA},
series = {ICML â€™07}
}

@article{distral,
  author    = {Yee Whye Teh and
               Victor Bapst and
               Wojciech Marian Czarnecki and
               John Quan and
               James Kirkpatrick and
               Raia Hadsell and
               Nicolas Heess and
               Razvan Pascanu},
  title     = {Distral: Robust Multitask Reinforcement Learning},
  journal   = {CoRR},
  volume    = {abs/1707.04175},
  year      = {2017},
  url       = {http://arxiv.org/abs/1707.04175},
  archivePrefix = {arXiv},
  eprint    = {1707.04175},
  timestamp = {Mon, 13 Aug 2018 16:47:14 +0200},
  biburl    = {https://dblp.org/rec/bib/journals/corr/TehBCQKHHP17},
  bibsource = {dblp computer science bibliography, https://dblp.org}
}

@ARTICLE{sim2real,
       author = {{Peng}, Xue Bin and {Andrychowicz}, Marcin and {Zaremba}, Wojciech and
         {Abbeel}, Pieter},
        title = "{Sim-to-Real Transfer of Robotic Control with Dynamics Randomization}",
      journal = {arXiv e-prints},
     keywords = {Computer Science - Robotics, Computer Science - Systems and Control},
         year = "2017",
        month = "Oct",
          eid = {arXiv:1710.06537},
        pages = {arXiv:1710.06537},
archivePrefix = {arXiv},
       eprint = {1710.06537},
 primaryClass = {cs.RO},
       adsurl = {https://ui.adsabs.harvard.edu/abs/2017arXiv171006537P},
      adsnote = {Provided by the SAO/NASA Astrophysics Data System}
}



@misc{gym_minigrid,
  author = {Chevalier-Boisvert, Maxime and Willems, Lucas and Pal, Suman},
  title = {Minimalistic Gridworld Environment for OpenAI Gym},
  year = {2018},
  publisher = {GitHub},
  journal = {GitHub repository},
  howpublished = {\url{https://github.com/maximecb/gym-minigrid}},
}

@inproceedings{BentonMLW21,
  author    = {Gregory W. Benton and
               Wesley Maddox and
               Sanae Lotfi and
               Andrew Gordon Wilson},
  editor    = {Marina Meila and
               Tong Zhang},
  title     = {Loss Surface Simplexes for Mode Connecting Volumes and Fast Ensembling},
  booktitle = {Proceedings of the 38th International Conference on Machine Learning,
               {ICML} 2021, 18-24 July 2021, Virtual Event},
  series    = {Proceedings of Machine Learning Research},
  volume    = {139},
  pages     = {769--779},
  publisher = {{PMLR}},
  year      = {2021},
  url       = {http://proceedings.mlr.press/v139/benton21a.html},
  timestamp = {Wed, 25 Aug 2021 17:11:16 +0200},
  biburl    = {https://dblp.org/rec/conf/icml/BentonMLW21.bib},
  bibsource = {dblp computer science bibliography, https://dblp.org}
}

@inproceedings{LearningSubspaces,
  author    = {Mitchell Wortsman and
               Maxwell Horton and
               Carlos Guestrin and
               Ali Farhadi and
               Mohammad Rastegari},
  editor    = {Marina Meila and
               Tong Zhang},
  title     = {Learning Neural Network Subspaces},
  booktitle = {Proceedings of the 38th International Conference on Machine Learning,
               {ICML} 2021, 18-24 July 2021, Virtual Event},
  series    = {Proceedings of Machine Learning Research},
  volume    = {139},
  pages     = {11217--11227},
  publisher = {{PMLR}},
  year      = {2021},
  url       = {http://proceedings.mlr.press/v139/wortsman21a.html},
  timestamp = {Wed, 25 Aug 2021 17:11:17 +0200},
  biburl    = {https://dblp.org/rec/conf/icml/WortsmanHGFR21.bib},
  bibsource = {dblp computer science bibliography, https://dblp.org}
}

@misc{PackerGao:1810.12282,
  Author = {Charles Packer and Katelyn Gao and Jernej Kos and Philipp Kr\"ahenb\"uhl and Vladlen Koltun and Dawn Song},
  Title = {Assessing Generalization in Deep Reinforcement Learning},
  Year = {2018},
  Eprint = {arXiv:1810.12282},
}

@article{PPO,
  author    = {John Schulman and
               Filip Wolski and
               Prafulla Dhariwal and
               Alec Radford and
               Oleg Klimov},
  title     = {Proximal Policy Optimization Algorithms},
  journal   = {CoRR},
  volume    = {abs/1707.06347},
  year      = {2017},
  url       = {http://arxiv.org/abs/1707.06347},
  eprinttype = {arXiv},
  eprint    = {1707.06347},
  timestamp = {Mon, 13 Aug 2018 16:47:34 +0200},
  biburl    = {https://dblp.org/rec/journals/corr/SchulmanWDRK17.bib},
  bibsource = {dblp computer science bibliography, https://dblp.org}
}

@inproceedings{A2C,
author = {Mnih, Volodymyr and Badia, Adri\`{a} Puigdom\`{e}nech and Mirza, Mehdi and Graves, Alex and Harley, Tim and Lillicrap, Timothy P. and Silver, David and Kavukcuoglu, Koray},
title = {Asynchronous Methods for Deep Reinforcement Learning},
year = {2016},
publisher = {JMLR.org},
booktitle = {Proceedings of the 33rd International Conference on International Conference on Machine Learning - Volume 48},
pages = {1928â€“1937},
numpages = {10},
location = {New York, NY, USA},
series = {ICML'16}
}

@article{AlphaZero,
  author    = {David Silver and
               Thomas Hubert and
               Julian Schrittwieser and
               Ioannis Antonoglou and
               Matthew Lai and
               Arthur Guez and
               Marc Lanctot and
               Laurent Sifre and
               Dharshan Kumaran and
               Thore Graepel and
               Timothy P. Lillicrap and
               Karen Simonyan and
               Demis Hassabis},
  title     = {Mastering Chess and Shogi by Self-Play with a General Reinforcement
               Learning Algorithm},
  journal   = {CoRR},
  volume    = {abs/1712.01815},
  year      = {2017},
  url       = {http://arxiv.org/abs/1712.01815},
  archivePrefix = {arXiv},
  eprint    = {1712.01815},
  timestamp = {Mon, 13 Aug 2018 16:46:01 +0200},
  biburl    = {https://dblp.org/rec/journals/corr/abs-1712-01815.bib},
  bibsource = {dblp computer science bibliography, https://dblp.org}
}

@article{Atari,
  author    = {Lukasz Kaiser and
               Mohammad Babaeizadeh and
               Piotr Milos and
               Blazej Osinski and
               Roy H. Campbell and
               Konrad Czechowski and
               Dumitru Erhan and
               Chelsea Finn and
               Piotr Kozakowski and
               Sergey Levine and
               Ryan Sepassi and
               George Tucker and
               Henryk Michalewski},
  title     = {Model-Based Reinforcement Learning for Atari},
  journal   = {CoRR},
  volume    = {abs/1903.00374},
  year      = {2019},
  url       = {http://arxiv.org/abs/1903.00374},
  archivePrefix = {arXiv},
  eprint    = {1903.00374},
  timestamp = {Sat, 23 Jan 2021 01:11:27 +0100},
  biburl    = {https://dblp.org/rec/journals/corr/abs-1903-00374.bib},
  bibsource = {dblp computer science bibliography, https://dblp.org}
}

@misc{brax2021github,
  author = {C. Daniel Freeman and Erik Frey and Anton Raichuk and Sertan Girgin and Igor Mordatch and Olivier Bachem},
  title = {Brax - A Differentiable Physics Engine for Large Scale Rigid Body Simulation},
  url = {http://github.com/google/brax},
  version = {0.0.5},
  year = {2021},
}

@misc{OpenaiGym,
  Author = {Greg Brockman and Vicki Cheung and Ludwig Pettersson and Jonas Schneider and John Schulman and Jie Tang and Wojciech Zaremba},
  Title = {OpenAI Gym},
  Year = {2016},
  Eprint = {arXiv:1606.01540},
}

@article{henderson2017multitask,
   author = {{Henderson}, P. and {Chang}, W.-D. and {Shkurti}, F. and {Hansen}, J. and 
	{Meger}, D. and {Dudek}, G.},
    title = {Benchmark Environments for Multitask Learning in Continuous Domains},
  journal = {ICML Lifelong Learning: A Reinforcement Learning Approach Workshop},
     year={2017}
}

@article{diayn,
  author    = {Benjamin Eysenbach and
               Abhishek Gupta and
               Julian Ibarz and
               Sergey Levine},
  title     = {Diversity is All You Need: Learning Skills without a Reward Function},
  journal   = {CoRR},
  volume    = {abs/1802.06070},
  year      = {2018},
  url       = {http://arxiv.org/abs/1802.06070},
  eprinttype = {arXiv},
  eprint    = {1802.06070},
  timestamp = {Thu, 20 Dec 2018 16:30:14 +0100},
  biburl    = {https://dblp.org/rec/journals/corr/abs-1802-06070.bib},
  bibsource = {dblp computer science bibliography, https://dblp.org}
}

@misc{tokyo,
      title={Discovering Diverse Solutions in Deep Reinforcement Learning}, 
      author={Takayuki Osa and Voot Tangkaratt and Masashi Sugiyama},
      year={2021},
      eprint={2103.07084},
      archivePrefix={arXiv},
      primaryClass={stat.ML}
}

@article{smerl,
  author    = {Saurabh Kumar and
               Aviral Kumar and
               Sergey Levine and
               Chelsea Finn},
  title     = {One Solution is Not All You Need: Few-Shot Extrapolation via Structured
               MaxEnt {RL}},
  journal   = {CoRR},
  volume    = {abs/2010.14484},
  year      = {2020},
  url       = {https://arxiv.org/abs/2010.14484},
  eprinttype = {arXiv},
  eprint    = {2010.14484},
  timestamp = {Mon, 02 Nov 2020 18:17:09 +0100},
  biburl    = {https://dblp.org/rec/journals/corr/abs-2010-14484.bib},
  bibsource = {dblp computer science bibliography, https://dblp.org}
}

@misc{GAE,
      title={High-Dimensional Continuous Control Using Generalized Advantage Estimation}, 
      author={John Schulman and Philipp Moritz and Sergey Levine and Michael Jordan and Pieter Abbeel},
      year={2018},
      eprint={1506.02438},
      archivePrefix={arXiv},
      primaryClass={cs.LG}
}

@article{squashing,
  author    = {Patrick Nadeem Ward and
               Ariella Smofsky and
               Avishek Joey Bose},
  title     = {Improving Exploration in Soft-Actor-Critic with Normalizing Flows
               Policies},
  journal   = {CoRR},
  volume    = {abs/1906.02771},
  year      = {2019},
  url       = {http://arxiv.org/abs/1906.02771},
  eprinttype = {arXiv},
  eprint    = {1906.02771},
  timestamp = {Thu, 13 Jun 2019 13:36:00 +0200},
  biburl    = {https://dblp.org/rec/journals/corr/abs-1906-02771.bib},
  bibsource = {dblp computer science bibliography, https://dblp.org}
}

@misc{salina,
        author = {Ludovic Denoyer and Alfredo de la Fuente and Song Duong and Jean-Baptiste Gaya and Pierre-Alexandre Kamienny and Daniel H. Thompson},
        title = {SaLinA: Sequential Learning of Agents},
        year = {2021},
        publisher = {Arxiv},
        howpublished = {\url{https://gitHub.com/facebookresearch/salina}},
    }
    
@misc{espeholt2018impala,
      title={IMPALA: Scalable Distributed Deep-RL with Importance Weighted Actor-Learner Architectures}, 
      author={Lasse Espeholt and Hubert Soyer and Remi Munos and Karen Simonyan and Volodymir Mnih and Tom Ward and Yotam Doron and Vlad Firoiu and Tim Harley and Iain Dunning and Shane Legg and Koray Kavukcuoglu},
      year={2018},
      eprint={1802.01561},
      archivePrefix={arXiv},
      primaryClass={cs.LG}
}