
@inproceedings{bach:acldemo22,
  Author = {Stephen H. Bach and Victor Sanh and Zheng-Xin Yong and Albert Webson and Colin Raffel and Nihal V. Nayak and Abheesht Sharma and Taewoon Kim and M Saiful Bari and Thibault Fevry and Zaid Alyafeai and Manan Dey and Andrea Santilli and Zhiqing Sun and Srulik Ben-David and Canwen Xu and Gunjan Chhablani and Han Wang and Jason Alan Fries and Maged S. Al-shaibani and Shanya Sharma and Urmish Thakker and Khalid Almubarak and Xiangru Tang and Dragomir Radev and Mike Tian-Jian Jiang and Alexander M. Rush},
  Title = {{P}rompt{S}ource: {A}n Integrated Development Environment and Repository for Natural Language Prompts},
  Booktitle= {Meeting of the Association for Computational Linguistics (ACL) Demonstration},
  Year = {2022}}

@article{bommasani:arxiv21,
  title={On the Opportunities and Risks of Foundation Models},
  author={Rishi Bommasani and Drew A. Hudson and Ehsan Adeli and Russ Altman and Simran Arora and Sydney von Arx and Michael S. Bernstein and Jeannette Bohg and Antoine Bosselut and Emma Brunskill and Erik Brynjolfsson and S. Buch and Dallas Card and Rodrigo Castellon and Niladri S. Chatterji and Annie S. Chen and Kathleen Creel and Jared Davis and Dora Demszky and Chris Donahue and Moussa Doumbouya and Esin Durmus and Stefano Ermon and John Etchemendy and Kawin Ethayarajh and Li Fei-Fei and Chelsea Finn and Trevor Gale and Lauren E. Gillespie and Karan Goel and Noah D. Goodman and Shelby Grossman and Neel Guha and Tatsunori Hashimoto and Peter Henderson and John Hewitt and Daniel E. Ho and Jenny Hong and Kyle Hsu and Jing Huang and Thomas F. Icard and Saahil Jain and Dan Jurafsky and Pratyusha Kalluri and Siddharth Karamcheti and Geoff Keeling and Fereshte Khani and O. Khattab and Pang Wei Koh and Mark S. Krass and Ranjay Krishna and Rohith Kuditipudi and Ananya Kumar and Faisal Ladhak and Mina Lee and Tony Lee and Jure Leskovec and Isabelle Levent and Xiang Lisa Li and Xuechen Li and Tengyu Ma and Ali Malik and Christopher D. Manning and Suvir P. Mirchandani and Eric Mitchell and Zanele Munyikwa and Suraj Nair and Avanika Narayan and Deepak Narayanan and Benjamin Newman and Allen Nie and Juan Carlos Niebles and Hamed Nilforoshan and J. F. Nyarko and Giray Ogut and Laurel Orr and Isabel Papadimitriou and Joon Sung Park and Chris Piech and Eva Portelance and Christopher Potts and Aditi Raghunathan and Robert Reich and Hongyu Ren and Frieda Rong and Yusuf H. Roohani and Camilo Ruiz and Jack Ryan and Christopher R'e and Dorsa Sadigh and Shiori Sagawa and Keshav Santhanam and Andy Shih and Krishna Parasuram Srinivasan and Alex Tamkin and Rohan Taori and Armin W. Thomas and Florian Tram{\`e}r and Rose E. Wang and William Wang and Bohan Wu and Jiajun Wu and Yuhuai Wu and Sang Michael Xie and Michihiro Yasunaga and Jiaxuan You and Matei A. Zaharia and Michael Zhang and Tianyi Zhang and Xikun Zhang and Yuhui Zhang and Lucia Zheng and Kaitlyn Zhou and Percy Liang},
  journal={ArXiv},
  year={2021},
  volume={abs/2108.07258}
}

@article{brown:arxiv20,
  title={Language Models are Few-Shot Learners},
  author={Tom B. Brown and Benjamin Mann and Nick Ryder and Melanie Subbiah and Jared Kaplan and Prafulla Dhariwal and Arvind Neelakantan and Pranav Shyam and Girish Sastry and Amanda Askell and Sandhini Agarwal and Ariel Herbert-Voss and Gretchen Krueger and T. J. Henighan and Rewon Child and Aditya Ramesh and Daniel M. Ziegler and Jeff Wu and Clemens Winter and Christopher Hesse and Mark Chen and Eric Sigler and Mateusz Litwin and Scott Gray and Benjamin Chess and Jack Clark and Christopher Berner and Sam McCandlish and Alec Radford and Ilya Sutskever and Dario Amodei},
  journal={ArXiv},
  year={2020}
}

@inproceedings{chao:eccv16,
  title={An empirical study and analysis of generalized zero-shot learning for object recognition in the wild},
  author={Chao, Wei-Lun and Changpinyo, Soravit and Gong, Boqing and Sha, Fei},
  booktitle={European conference on computer vision (ECCV)},
  year={2016}
}

@article{chomsky1956three,
  title={Three models for the description of language},
  author={Chomsky, Noam},
  journal={IRE Transactions on information theory},
  volume={2},
  number={3},
  pages={113--124},
  year={1956},
  publisher={IEEE}
}

@article{dosovitskiy:arxiv21,
  title={An Image is Worth 16x16 Words: Transformers for Image Recognition at Scale},
  author={Alexey Dosovitskiy and Lucas Beyer and Alexander Kolesnikov and Dirk Weissenborn and Xiaohua Zhai and Thomas Unterthiner and Mostafa Dehghani and Matthias Minderer and Georg Heigold and Sylvain Gelly and Jakob Uszkoreit and Neil Houlsby},
  journal={ArXiv},
  year={2021},
  volume={abs/2010.11929}
}

@inproceedings{farhadi:cvpr09,
  title={Describing objects by their attributes},
  author={Ali Farhadi and Ian Endres and Derek Hoiem and David A. Forsyth},
  booktitle={Proceedings of the IEEE Conference on Computer Vision and Pattern Recognition (CVPR)},
  year={2009}
}

@article{fodor:cognition88,
  title={Connectionism and cognitive architecture: A critical analysis},
  author={Jerry A. Fodor and Zenon W. Pylyshyn},
  journal={Cognition},
  year={1988},
  volume={28},
  pages={3-71}
}

@inproceedings{gan:aaai15,
  title={Exploring semantic inter-class relationships (sir) for zero-shot action recognition},
  author={Gan, Chuang and Lin, Ming and Yang, Yi and Zhuang, Yueting and Hauptmann, Alexander G},
  booktitle={AAAI Conference on Artificial Intelligence (AAAI)},
  year={2015}
}

@article{hao:cvpr20,
  title={Towards Learning a Generic Agent for Vision-and-Language Navigation via Pre-Training},
  author={Weituo Hao and Chunyuan Li and Xiujun Li and Lawrence Carin and Jianfeng Gao},
  journal={2020 IEEE/CVF Conference on Computer Vision and Pattern Recognition (CVPR)},
  year={2020},
  pages={13134-13143}
}

@inproceedings{houlsby:icml19,
  title={Parameter-Efficient Transfer Learning for NLP},
  author={Neil Houlsby and Andrei Giurgiu and Stanislaw Jastrzebski and Bruna Morrone and Quentin de Laroussilhe and Andrea Gesmundo and Mona Attariyan and Sylvain Gelly},
  booktitle={ICML},
  year={2019}
}


@article{hudson:cvpr19,
  title={GQA: A New Dataset for Real-World Visual Reasoning and Compositional Question Answering},
  author={Drew A. Hudson and Christopher D. Manning},
  journal={2019 IEEE/CVF Conference on Computer Vision and Pattern Recognition (CVPR)},
  year={2019}
}

@article{hupkes:jair20,
  title={Compositionality Decomposed: How do Neural Networks Generalise?},
  author={Dieuwke Hupkes and Verna Dankers and Mathijs Mul and Elia Bruni},
  journal={J. Artif. Intell. Res.},
  year={2020},
  volume={67},
  pages={757-795}
}

@inproceedings{isola:cvpr15,
   author="Phillip Isola and Joseph J. Lim and Edward H. Adelson",
   title="Discovering States and Transformations in Image Collections", 
   booktitle="CVPR", 
   year="2015"
}

@article{jain:arxiv21,
  title={MURAL: multimodal, multitask retrieval across languages},
  author={Jain, Aashi and Guo, Mandy and Srinivasan, Krishna and Chen, Ting and Kudugunta, Sneha and Jia, Chao and Yang, Yinfei and Baldridge, Jason},
  journal={arXiv preprint arXiv:2109.05125},
  year={2021}
}

@inproceedings{jia:icml21,
  title={Scaling Up Visual and Vision-Language Representation Learning With Noisy Text Supervision},
  author={Chao Jia and Yinfei Yang and Ye Xia and Yi-Ting Chen and Zarana Parekh and Hieu Pham and Quoc V. Le and Yun-Hsuan Sung and Zhen Li and Tom Duerig},
  booktitle={ICML},
  year={2021}
}

@inproceedings{kaiming:cvpr16,
	Author = {Kaiming He and Xiangyu Zhang and Shaoqing Ren and Jian Sun},
	booktitle = {Proceedings of the IEEE Conference on Computer Vision and Pattern Recognition (CVPR)},
	Title = {Deep Residual Learning for Image Recognition},
	Year = {2016}
}

@inproceedings{kampffmeyer:cvpr19,
  title={Rethinking knowledge graph propagation for zero-shot learning},
  author={Kampffmeyer, Michael and Chen, Yinbo and Liang, Xiaodan and Wang, Hao and Zhang, Yujia and Xing, Eric P},
  booktitle={Proceedings of the IEEE/CVF Conference on Computer Vision and Pattern Recognition (CVPR)},
  year={2019}
}

@inproceedings{
    karthik:neurips21,
    title={Revisiting Visual Product for Compositional Zero-Shot Learning},
    author={Shyamgopal Karthik and Massimiliano Mancini and Zeynep Akata},
    booktitle={NeurIPS 2021 Workshop on Distribution Shifts: Connecting Methods and Applications},
    year={2021}
}

@inproceedings{kipf:iclr17,
  author    = {Thomas N. Kipf and Max Welling},
  title     = {Semi-Supervised Classification with Graph Convolutional Networks},
  booktitle = {International Conference on Learning Representations (ICLR)},
  year      = {2017}
}

@inproceedings{lake:icml18,
  title={Generalization without Systematicity: On the Compositional Skills of Sequence-to-Sequence Recurrent Networks},
  author={Brenden M. Lake and Marco Baroni},
  booktitle={ICML},
  year={2018}
}

@article{lampert:pami14,
  title={Attribute-based classification for zero-shot visual object categorization},
  author={Lampert, Christoph H and Nickisch, Hannes and Harmeling, Stefan},
  journal={IEEE Transactions on Pattern Analysis and Machine Intelligence (PAMI)},
  volume={36},
  number={3},
  pages={453--465},
  year={2013},
  publisher={IEEE}
}

@inproceedings{lester:emnlp21,
  title={The Power of Scale for Parameter-Efficient Prompt Tuning},
  author={Brian Lester and Rami Al-Rfou and Noah Constant},
  booktitle={EMNLP},
  year={2021}
}

@article{li:arxiv21declip,
  title={Supervision Exists Everywhere: A Data Efficient Contrastive Language-Image Pre-training Paradigm},
  author={Yangguang Li and Feng Liang and Lichen Zhao and Yufeng Cui and Wanli Ouyang and Jing Shao and Fengwei Yu and Junjie Yan},
  journal={ArXiv},
  year={2021},
  volume={abs/2110.05208}
}


@misc{li:arxiv21,
      title={Prefix-Tuning: Optimizing Continuous Prompts for Generation}, 
      author={Xiang Lisa Li and Percy Liang},
      year={2021},
      eprint={2101.00190},
      archivePrefix={arXiv},
      primaryClass={cs.CL}
}

@article{li:cvpr20,
  title={Symmetry and Group in Attribute-Object Compositions},
  author={Yong-Lu Li and Yue Xu and Xiaohan Mao and Cewu Lu},
  journal={2020 IEEE/CVF Conference on Computer Vision and Pattern Recognition (CVPR)},
  year={2020},
  pages={11313-11322}
}

@inproceedings{
li:iclr22,
title={Language-driven Semantic Segmentation},
author={Boyi Li and Kilian Q Weinberger and Serge Belongie and Vladlen Koltun and Rene Ranftl},
booktitle={International Conference on Learning Representations},
year={2022}
}


@article{liu:arxiv21,
  title={Pre-train, Prompt, and Predict: A Systematic Survey of Prompting Methods in Natural Language Processing},
  author={Pengfei Liu and Weizhe Yuan and Jinlan Fu and Zhengbao Jiang and Hiroaki Hayashi and Graham Neubig},
  journal={ArXiv},
  year={2021},
  volume={abs/2107.13586}
}

@article{mancini:arxiv21,
  title={Learning Graph Embeddings for Open World Compositional Zero-Shot Learning},
  author={Massimiliano Mancini and Muhammad Ferjad Naeem and Yongqin Xian and Zeynep Akata},
  journal={ArXiv},
  year={2021},
  volume={abs/2105.01017}
}

@inproceedings{mancini:cvpr21,
  title={Open World Compositional Zero-Shot Learning},
  author={Mancini, M and Naeem, MF and Xian, Y and Akata, Zeynep},
  booktitle={34th IEEE Conference on Computer Vision and Pattern Recognition},
  year={2021},
  organization={IEEE}
}

@inproceedings{marcus:mit01,
  title={The Algebraic Mind: Integrating Connectionism and Cognitive Science},
  author={Gary F. Marcus},
  year={2001}
}


@article{misra:cvpr17,
  title={From Red Wine to Red Tomato: Composition with Context},
  author={Ishan Misra and Abhinav Kumar Gupta and Martial Hebert},
  journal={2017 IEEE Conference on Computer Vision and Pattern Recognition (CVPR)},
  year={2017},
  pages={1160-1169}
}

@Article{mu:arxiv21,
  author  = {Norman Mu and Alexander Kirillov and David Wagner and Saining Xie},
  title   = {SLIP: Self-supervision meets Language-Image Pre-training},
  journal = {arXiv preprint arXiv:2112.12750},
  year    = {2021},
}

@article{naeem:cvpr21,
  title={Learning Graph Embeddings for Compositional Zero-shot Learning},
  author={Muhammad Ferjad Naeem and Yongqin Xian and Federico Tombari and Zeynep Akata},
  journal={2021 IEEE/CVF Conference on Computer Vision and Pattern Recognition (CVPR)},
  year={2021},
  pages={953-962}
}

@article{nagarajan:eccv18,
  title={Attributes as Operators},
  author={Nagarajan, Tushar and Grauman, Kristen},
  journal={ECCV},
  year={2018}
}

@inproceedings{paszke:neurips19,
title = {PyTorch: An Imperative Style, High-Performance Deep Learning Library},
author = {Paszke, Adam and Gross, Sam and Massa, Francisco and Lerer, Adam and Bradbury, James and Chanan, Gregory and Killeen, Trevor and Lin, Zeming and Gimelshein, Natalia and Antiga, Luca and Desmaison, Alban and Kopf, Andreas and Yang, Edward and DeVito, Zachary and Raison, Martin and Tejani, Alykhan and Chilamkurthy, Sasank and Steiner, Benoit and Fang, Lu and Bai, Junjie and Chintala, Soumith},
booktitle = {Advances in Neural Information Processing Systems 32},
year = {2019},
}

@inproceedings{pennington:emnlp14,
  title={Glove: Global vectors for word representation},
  author={Pennington, Jeffrey and Socher, Richard and Manning, Christopher D},
  booktitle={Proceedings of the 2014 conference on empirical methods in natural language processing (EMNLP)},
  year={2014}
}

@article{purushwalkam:iccv19,
  title={Task-Driven Modular Networks for Zero-Shot Compositional Learning},
  author={Purushwalkam, Senthil and Nickel, Maximilian and Gupta, Abhinav and Ranzato, Marc'Aurelio},
  journal={ICCV},
  year={2019}
}

@article{radenovic:arxiv21,
  title={Large-Scale Attribute-Object Compositions},
  author={Filip Radenovi{\'c} and Animesh Sinha and Albert Gordo and Tamara L. Berg and Dhruv Kumar Mahajan},
  journal={ArXiv},
  year={2021}
}

@article{radford:gpt19,
  title={Language Models are Unsupervised Multitask Learners},
  author={Radford, Alec and Wu, Jeff and Child, Rewon and Luan, David and Amodei, Dario and Sutskever, Ilya},
  year={2019}
}

@inproceedings{radford:icml21,
  title={Learning Transferable Visual Models From Natural Language Supervision},
  author={Alec Radford and Jong Wook Kim and Chris Hallacy and Aditya Ramesh and Gabriel Goh and Sandhini Agarwal and Girish Sastry and Amanda Askell and Pamela Mishkin and Jack Clark and Gretchen Krueger and Ilya Sutskever},
  booktitle={ICML},
  year={2021}
}

@inproceedings{ruis:neurips21,
  title={Independent Prototype Propagation for Zero-Shot Compositionality},
  author={Ruis, Frank and Burghouts, Gertjan J and Bucur, Doina},
  booktitle={Advances in Neural Information Processing Systems (NeurIPS)},
  volume={34},
  year={2021}
}

@inproceedings{sanh:iclr22,
    title={Multitask Prompted Training Enables Zero-Shot Task Generalization},
    author={Victor Sanh and Albert Webson and Colin Raffel and Stephen Bach and Lintang Sutawika and Zaid Alyafeai and Antoine Chaffin and Arnaud Stiegler and Arun Raja and Manan Dey and M Saiful Bari and Canwen Xu and Urmish Thakker and Shanya Sharma Sharma and Eliza Szczechla and Taewoon Kim and Gunjan Chhablani and Nihal Nayak and Debajyoti Datta and Jonathan Chang and Mike Tian-Jian Jiang and Han Wang and Matteo Manica and Sheng Shen and Zheng Xin Yong and Harshit Pandey and Rachel Bawden and Thomas Wang and Trishala Neeraj and Jos Rozen and Abheesht Sharma and Andrea Santilli and Thibault Fevry and Jason Alan Fries and Ryan Teehan and Teven Le Scao and Stella Biderman and Leo Gao and Thomas Wolf and Alexander M Rush},
    booktitle={International Conference on Learning Representations},
    year={2022}
}

@inproceedings{shin:emnlp20,
    title = "{A}uto{P}rompt: {E}liciting {K}nowledge from {L}anguage {M}odels with {A}utomatically {G}enerated {P}rompts",
    author = "Shin, Taylor  and
      Razeghi, Yasaman  and
      Logan IV, Robert L.  and
      Wallace, Eric  and
      Singh, Sameer",
    booktitle = "Proceedings of the 2020 Conference on Empirical Methods in Natural Language Processing (EMNLP)",
    year={2020}
}

@inproceedings{
  su:iclr20,
  title={VL-BERT: Pre-training of Generic Visual-Linguistic Representations},
  author={Weijie Su and Xizhou Zhu and Yue Cao and Bin Li and Lewei Lu and Furu Wei and Jifeng Dai},
  booktitle={International Conference on Learning Representations},
  year={2020}
}

@article{sun:iccv19,
  title={VideoBERT: A Joint Model for Video and Language Representation Learning},
  author={Chen Sun and Austin Myers and Carl Vondrick and Kevin P. Murphy and Cordelia Schmid},
  journal={2019 IEEE/CVF International Conference on Computer Vision (ICCV)},
  year={2019},
  pages={7463-7472}
}

@inproceedings{qin:emnlp21,
  title={Learning How to Ask: Querying LMs with Mixtures of Soft Prompts},
  author={Guanghui Qin and Jas' Eisner},
  booktitle={EMNLP},
  year={2021}
}

@inproceedings{tan:emnlp19,
  title={LXMERT: Learning Cross-Modality Encoder Representations from Transformers},
  author={Tan, Hao and Bansal, Mohit},
  booktitle={Proceedings of the 2019 Conference on Empirical Methods in Natural Language Processing},
  year={2019}
}

@article{vu:arxiv21,
  title={SPoT: Better Frozen Model Adaptation through Soft Prompt Transfer},
  author={Tu Vu and Brian Lester and Noah Constant and Rami Al-Rfou and Daniel Matthew Cer},
  journal={ArXiv},
  year={2021}
}

@article{wang:tist19,
  title={A Survey of Zero-Shot Learning: Settings, Methods, and Applications},
  author={Wang, Wei and Zheng, Vincent W and Yu, Han and Miao, Chunyan},
  journal={ACM Transactions on Intelligent Systems and Technology (TIST)},
  volume={10},
  number={2},
  pages={1--37},
  year={2019},
  publisher={ACM New York, NY, USA}
}

@inproceedings{wu:icml19,
  title={Simplifying graph convolutional networks},
  author={Wu, Felix and Zhang, Tianyi and Souza Jr, Amauri Holanda de and Fifty, Christopher and Yu, Tao and Weinberger, Kilian Q},
  booktitle={International Conference on Machine Learning (ICML)},
  year={2019}
}

@article{xian:pami18,
  title={Zero-Shot Learning—A Comprehensive Evaluation of the Good, the Bad and the Ugly},
  author={Xian, Yongqin and Lampert, Christoph H and Schiele, Bernt and Akata, Zeynep},
  journal={IEEE Transactions on Pattern Analysis and Machine Intelligence (PAMI)},
  volume={41},
  number={9},
  pages={2251--2265},
  year={2018},
  publisher={IEEE}
}

@article{yu:cvpr14,
  title={Fine-Grained Visual Comparisons with Local Learning},
  author={Aron Yu and Kristen Grauman},
  journal={2014 IEEE Conference on Computer Vision and Pattern Recognition},
  year={2014},
  pages={192-199}
}

@article{zhang:iclr21,
  title={Revisiting Few-sample BERT Fine-tuning},
  author={Tianyi Zhang and Felix Wu and Arzoo Katiyar and Kilian Q. Weinberger and Yoav Artzi},
  journal={ArXiv},
  year={2021},
  volume={abs/2006.05987}
}

@article{zhou:arxiv21,
    title={Learning to Prompt for Vision-Language Models},
    author={Zhou, Kaiyang and Yang, Jingkang and Loy, Chen Change and Liu, Ziwei},
    journal={arXiv preprint arXiv:2109.01134},
    year={2021}
}
