@book{bekefi1977electromagnetic,
  title={Electromagnetic vibrations, waves, and radiation},
  author={Bekefi, George and Barrett, Alan H},
  year={1977},
  publisher={Mit Press}
}

@article{lecun1989backpropagation,
  title={Backpropagation applied to handwritten zip code recognition},
  author={LeCun, Yann and Boser, Bernhard and Denker, John S and Henderson, Donnie and Howard, Richard E and Hubbard, Wayne and Jackel, Lawrence D},
  journal={Neural computation},
  volume={1},
  number={4},
  pages={541--551},
  year={1989},
  publisher={MIT Press}
}

@article{merris1995survey,
  title={A survey of graph Laplacians},
  author={Merris, Russell},
  journal={Linear and Multilinear Algebra},
  volume={39},
  number={1-2},
  pages={19--31},
  year={1995},
  publisher={Taylor \& Francis}
}

@book{rosenberg1997laplacian,
  title={The Laplacian on a Riemannian manifold: an introduction to analysis on manifolds},
  author={Rosenberg, Steven and Steven, Rosenberg},
  number={31},
  year={1997},
  publisher={Cambridge University Press}
}

@book{oppenheim1997signals,
  title={Signals \& systems},
  author={Oppenheim, Alan V and Willsky, Alan S and Nawab, Syed Hamid and Hern{\'a}ndez, Gloria Mata and others},
  year={1997},
  publisher={Pearson Educaci{\'o}n}
}

@book{berard2006spectral,
  title={Spectral geometry: direct and inverse problems},
  author={B{\'e}rard, Pierre H},
  volume={1207},
  year={2006},
  publisher={Springer}
}

@book{bishop2006pattern,
  title={Pattern recognition and machine learning},
  author={Bishop, Christopher M and Nasrabadi, Nasser M},
  volume={4},
  number={4},
  year={2006},
  publisher={Springer}
}

@article{belkin2006convergence,
  title={Convergence of Laplacian eigenmaps},
  author={Belkin, Mikhail and Niyogi, Partha},
  journal={Advances in neural information processing systems},
  volume={19},
  year={2006}
}

@article{puschel2008algebraic,
  title={Algebraic signal processing theory: Foundation and 1-D time},
  author={Puschel, Markus and Moura, Jos{\'e} MF},
  journal={IEEE Transactions on Signal Processing},
  volume={56},
  number={8},
  pages={3572--3585},
  year={2008},
  publisher={IEEE}
}

@article{veselic2007spectral,
  title={Spectral perturbation bounds for self-adjoint operators},
  author={Veselic, Kre{\v{s}}imir},
  journal={arXiv preprint arXiv:0704.0872},
  year={2007}
}
@article{von2008consistency,
  title={Consistency of spectral clustering},
  author={Von Luxburg, Ulrike and Belkin, Mikhail and Bousquet, Olivier},
  journal={The Annals of Statistics},
  pages={555--586},
  year={2008},
  publisher={JSTOR}
}
@article{scarselli2008graph,
  title={The graph neural network model},
  author={Scarselli, Franco and Gori, Marco and Tsoi, Ah Chung and Hagenbuchner, Markus and Monfardini, Gabriele},
  journal={IEEE transactions on neural networks},
  volume={20},
  number={1},
  pages={61--80},
  year={2008},
  publisher={IEEE}
}

@article{belkin2008towards,
  title={Towards a theoretical foundation for Laplacian-based manifold methods},
  author={Belkin, Mikhail and Niyogi, Partha},
  journal={Journal of Computer and System Sciences},
  volume={74},
  number={8},
  pages={1289--1308},
  year={2008},
  publisher={Elsevier}
}

@book{arendt2009mathematical,
  title={Mathematical analysis of evolution, information, and complexity},
  author={Arendt, Wolfgang and Schleich, Wolfgang P},
  year={2009},
  publisher={John Wiley \& Sons}
}

@article{arendt2009weyl,
  title={Weylâ€™s law: Spectral properties of the Laplacian in mathematics and physics},
  author={Arendt, Wolfgang and Nittka, Robin and Peter, Wolfgang and Steiner, Frank},
  journal={Mathematical analysis of evolution, information, and complexity},
  pages={1--71},
  year={2009},
  publisher={Wiley Online Library}
}

@article{sogge2010lower,
  title={Lower bounds on the Hausdorff measure of nodal sets},
  author={Sogge, Christopher D and Zelditch, Steve},
  journal={arXiv preprint arXiv:1009.3573},
  year={2010}
}

@article{shi2011iteratively,
  title={An iteratively weighted MMSE approach to distributed sum-utility maximization for a MIMO interfering broadcast channel},
  author={Shi, Qingjiang and Razaviyayn, Meisam and Luo, Zhi-Quan and He, Chen},
  journal={IEEE Transactions on Signal Processing},
  volume={59},
  number={9},
  pages={4331--4340},
  year={2011},
  publisher={IEEE}
}

@book{loring2011introduction,
  title={An introduction to manifolds},
  author={Loring W.. Tu},
  year={2011},
  publisher={Springer.}
}

@book{lovasz2012large,
  title={Large networks and graph limits},
  author={Lov{\'a}sz, L{\'a}szl{\'o}},
  volume={60},
  year={2012},
  publisher={American Mathematical Soc.}
}

@article{mallat2012group,
  title={Group invariant scattering},
  author={Mallat, St{\'e}phane},
  journal={Communications on Pure and Applied Mathematics},
  volume={65},
  number={10},
  pages={1331--1398},
  year={2012},
  publisher={Wiley Online Library}
}

@book{moon2012field,
  title={Field theory handbook: including coordinate systems, differential equations and their solutions},
  author={Moon, Parry and Spencer, Domina E},
  year={2012},
  publisher={Springer}
}

@article{bruna2013invariant,
  title={Invariant scattering convolution networks},
  author={Bruna, Joan and Mallat, St{\'e}phane},
  journal={IEEE transactions on pattern analysis and machine intelligence},
  volume={35},
  number={8},
  pages={1872--1886},
  year={2013},
  publisher={IEEE}
}

@book{kato2013perturbation,
  title={Perturbation theory for linear operators},
  author={Kato, Tosio},
  volume={132},
  year={2013},
  publisher={Springer Science \& Business Media}
}
@article{sandryhaila2013discrete,
  title={Discrete signal processing on graphs},
  author={Sandryhaila, Aliaksei and Moura, Jos{\'e} MF},
  journal={IEEE transactions on signal processing},
  volume={61},
  number={7},
  pages={1644--1656},
  year={2013},
  publisher={IEEE}
}

@article{shuman2013emerging,
  title={The emerging field of signal processing on graphs: Extending high-dimensional data analysis to networks and other irregular domains},
  author={Shuman, David I and Narang, Sunil K and Frossard, Pascal and Ortega, Antonio and Vandergheynst, Pierre},
  journal={IEEE signal processing magazine},
  volume={30},
  number={3},
  pages={83--98},
  year={2013},
  publisher={IEEE}
}

@inbook{canzani2013analysis,
  title        = "Analysis on manifolds via the Laplacian",
  author       = "Canzani, Yaiza",
  chapter      = 4,
  pages        = "41-44",
  year         = 2013,
  publisher    = "Lecture Notes available at: http://www. math. harvard. edu/canzani/docs/Laplacian. pdf",
}

@article{seelmann2014notes,
  title={Notes on the $sin 2\Theta$ Theorem},
  author={Seelmann, Albrecht},
  journal={Integral Equations and Operator Theory},
  volume={79},
  number={4},
  pages={579--597},
  year={2014},
  publisher={Springer}
}

@article{smyth2014polynomial,
  title={Polynomial approximation},
  author={Smyth, Gordon K},
  journal={Wiley StatsRef: Statistics Reference Online},
  year={2014},
  publisher={Wiley Online Library}
}

@article{kingma2014adam,
  title={Adam: A method for stochastic optimization},
  author={Kingma, Diederik P and Ba, Jimmy},
  journal={arXiv preprint arXiv:1412.6980},
  year={2014}
}

@inproceedings{wu20153d,
  title={3d shapenets: A deep representation for volumetric shapes},
  author={Wu, Zhirong and Song, Shuran and Khosla, Aditya and Yu, Fisher and Zhang, Linguang and Tang, Xiaoou and Xiao, Jianxiong},
  booktitle={Proceedings of the IEEE conference on computer vision and pattern recognition},
  pages={1912--1920},
  year={2015}
}
@article{isufi2016autoregressive,
  title={Autoregressive moving average graph filtering},
  author={Isufi, Elvin and Loukas, Andreas and Simonetto, Andrea and Leus, Geert},
  journal={IEEE Transactions on Signal Processing},
  volume={65},
  number={2},
  pages={274--288},
  year={2016},
  publisher={IEEE}
}
@book{goodfellow2016deep,
  title={Deep learning},
  author={Goodfellow, Ian and Bengio, Yoshua and Courville, Aaron and Bengio, Yoshua},
  volume={1},
  number={2},
  year={2016},
  publisher={MIT press Cambridge}
}
@article{boscaini2016learning,
  title={Learning shape correspondence with anisotropic convolutional neural networks},
  author={Boscaini, Davide and Masci, Jonathan and Rodol{\`a}, Emanuele and Bronstein, Michael},
  journal={Advances in neural information processing systems},
  volume={29},
  year={2016}
}
@article{defferrard2016convolutional,
  title={Convolutional neural networks on graphs with fast localized spectral filtering},
  author={Defferrard, Micha{\"e}l and Bresson, Xavier and Vandergheynst, Pierre},
  journal={arXiv preprint arXiv:1606.09375},
  year={2016}
}
@article{jiang2017exploiting,
  title={Exploiting feature and class relationships in video categorization with regularized deep neural networks},
  author={Jiang, Yu-Gang and Wu, Zuxuan and Wang, Jun and Xue, Xiangyang and Chang, Shih-Fu},
  journal={IEEE transactions on pattern analysis and machine intelligence},
  volume={40},
  number={2},
  pages={352--364},
  year={2017},
  publisher={IEEE}
}

@inproceedings{nguyen2017robust,
  title={Robust classification of crisis-related data on social networks using convolutional neural networks},
  author={Nguyen, Dat and Al Mannai, Kamela Ali and Joty, Shafiq and Sajjad, Hassan and Imran, Muhammad and Mitra, Prasenjit},
  booktitle={Proceedings of the International AAAI Conference on Web and Social Media},
  volume={11},
  number={1},
  year={2017}
}

@inproceedings{morency2017signal,
  title={Signal processing on kernel-based random graphs},
  author={Morency, Matthew W and Leus, Geert},
  booktitle={2017 25th European Signal Processing Conference (EUSIPCO)},
  pages={365--369},
  year={2017},
  organization={IEEE}
}

@book{Zelditch2017eigenfunctions,
  author    = {Steve Zelditch}, 
  title     = {Eigenfunctions of the Laplacian on a Riemannian Manifold},
  publisher = {CBMS Regional Conference Series in Mathematics},
  year      = 2017,
  volume    = 125,
  isbn      = {978-1-4704-4344-3}
}

@article{bronstein2017geometric,
  title={Geometric deep learning: going beyond euclidean data},
  author={Bronstein, Michael M and Bruna, Joan and LeCun, Yann and Szlam, Arthur and Vandergheynst, Pierre},
  journal={IEEE Signal Processing Magazine},
  volume={34},
  number={4},
  pages={18--42},
  year={2017},
  publisher={IEEE}
}

@article{ortega2018graph,
  title={Graph signal processing: Overview, challenges, and applications},
  author={Ortega, Antonio and Frossard, Pascal and Kova{\v{c}}evi{\'c}, Jelena and Moura, Jos{\'e} MF and Vandergheynst, Pierre},
  journal={Proceedings of the IEEE},
  volume={106},
  number={5},
  pages={808--828},
  year={2018},
  publisher={IEEE}
}

@inproceedings{xu2018powerful,
  title={How Powerful are Graph Neural Networks?},
  author={Xu, Keyulu and Hu, Weihua and Leskovec, Jure and Jegelka, Stefanie},
  booktitle={International Conference on Learning Representations},
  year={2018}
}



@inproceedings{schlichtkrull2018modeling,
  title={Modeling relational data with graph convolutional networks},
  author={Schlichtkrull, Michael and Kipf, Thomas N and Bloem, Peter and Van Den Berg, Rianne and Titov, Ivan and Welling, Max},
  booktitle={European semantic web conference},
  pages={593--607},
  year={2018},
  organization={Springer}
}

@article{levie2019transferability,
  title={Transferability of spectral graph convolutional neural networks},
  author={Levie, Ron and Huang, Wei and Bucci, Lorenzo and Bronstein, Michael and Kutyniok, Gitta},
  journal={Journal of Machine Learning Research},
  volume={22},
  number={272},
  pages={1--59},
  year={2021}
}

@inproceedings{fan2019graph,
  title={Graph neural networks for social recommendation},
  author={Fan, Wenqi and Ma, Yao and Li, Qing and He, Yuan and Zhao, Eric and Tang, Jiliang and Yin, Dawei},
  booktitle={The World Wide Web Conference},
  pages={417--426},
  year={2019}
}


@article{gama2019convolutional,
  title={Convolutional neural network architectures for signals supported on graphs},
  author={Gama, Fernando and Marques, Antonio G and Leus, Geert and Ribeiro, Alejandro},
  journal={IEEE Transactions on Signal Processing},
  volume={67},
  number={4},
  pages={1034--1049},
  year={2019},
  publisher={IEEE}
}

@inproceedings{verma2019stability,
  title={Stability and generalization of graph convolutional neural networks},
  author={Verma, Saurabh and Zhang, Zhi-Li},
  booktitle={Proceedings of the 25th ACM SIGKDD International Conference on Knowledge Discovery \& Data Mining},
  pages={1539--1548},
  year={2019}
}

@inproceedings{wang2019defsi,
  title={DEFSI: Deep learning based epidemic forecasting with synthetic information},
  author={Wang, Lijing and Chen, Jiangzhuo and Marathe, Madhav},
  booktitle={Proceedings of the AAAI Conference on Artificial Intelligence},
  volume={33},
  number={01},
  pages={9607--9612},
  year={2019}
}

@inproceedings{wu2019session,
  title={Session-based recommendation with graph neural networks},
  author={Wu, Shu and Tang, Yuyuan and Zhu, Yanqiao and Wang, Liang and Xie, Xing and Tan, Tieniu},
  booktitle={Proceedings of the AAAI Conference on Artificial Intelligence},
  volume={33},
  number={01},
  pages={346--353},
  year={2019}
}

@article{gama2019stability,
  title={Stability of graph scattering transforms},
  author={Gama, Fernando and Ribeiro, Alejandro and Bruna, Joan},
  journal={Advances in Neural Information Processing Systems},
  volume={32},
  pages={8038--8048},
  year={2019}
}

@article{calder2019improved,
  title={Improved spectral convergence rates for graph Laplacians on epsilon-graphs and k-NN graphs},
  author={Calder, Jeff and Trillos, Nicolas Garcia},
  journal={arXiv preprint arXiv:1910.13476},
  year={2019}
}

@article{gama2020graphs,
  title={Graphs, convolutions, and neural networks: From graph filters to graph neural networks},
  author={Gama, Fernando and Isufi, Elvin and Leus, Geert and Ribeiro, Alejandro},
  journal={IEEE Signal Processing Magazine},
  volume={37},
  number={6},
  pages={128--138},
  year={2020},
  publisher={IEEE}
}

@article{zou2020graph,
  title={Graph convolutional neural networks via scattering},
  author={Zou, Dongmian and Lerman, Gilad},
  journal={Applied and Computational Harmonic Analysis},
  volume={49},
  number={3},
  pages={1046--1074},
  year={2020},
  publisher={Elsevier}
}

@article{keriven2020convergence,
  title={Convergence and stability of graph convolutional networks on large random graphs},
  author={Keriven, Nicolas and Bietti, Alberto and Vaiter, Samuel},
  journal={Advances in Neural Information Processing Systems},
  volume={33},
  pages={21512--21523},
  year={2020}
}


@article{zhou2020graph,
  title={Graph neural networks: A review of methods and applications},
  author={Zhou, Jie and Cui, Ganqu and Hu, Shengding and Zhang, Zhengyan and Yang, Cheng and Liu, Zhiyuan and Wang, Lifeng and Li, Changcheng and Sun, Maosong},
  journal={AI Open},
  volume={1},
  pages={57--81},
  year={2020},
  publisher={Elsevier}
}

@article{han2020contextnet,
  title={ContextNet: Improving convolutional neural networks for automatic speech recognition with global context},
  author={Han, Wei and Zhang, Zhengdong and Zhang, Yu and Yu, Jiahui and Chiu, Chung-Cheng and Qin, James and Gulati, Anmol and Pang, Ruoming and Wu, Yonghui},
  journal={arXiv preprint arXiv:2005.03191},
  year={2020}
}

@article{wu2020comprehensive,
  title={A comprehensive survey on graph neural networks},
  author={Wu, Zonghan and Pan, Shirui and Chen, Fengwen and Long, Guodong and Zhang, Chengqi and Philip, S Yu},
  journal={IEEE transactions on neural networks and learning systems},
  year={2020},
  publisher={IEEE}
}

@article{gama2020decentralized,
  title={Decentralized Control with Graph Neural Networks},
  author={Gama, Fernando and Li, Qingbiao and Tolstaya, Ekaterina and Prorok, Amanda and Ribeiro, Alejandro},
  journal={arXiv preprint arXiv:2012.14906},
  year={2020}
}

@article{parada2020algebraic,
  title={Algebraic neural networks: Stability to deformations},
  author={Parada-Mayorga, Alejandro and Ribeiro, Alejandro},
  journal={IEEE Transactions on Signal Processing},
  volume={69},
  pages={3351--3366},
  year={2021},
  publisher={IEEE}
}

@inproceedings{gustafsson2020evaluating,
  title={Evaluating scalable bayesian deep learning methods for robust computer vision},
  author={Gustafsson, Fredrik K and Danelljan, Martin and Schon, Thomas B},
  booktitle={Proceedings of the IEEE/CVF Conference on Computer Vision and Pattern Recognition Workshops},
  pages={318--319},
  year={2020}
}

@article{gama2020stability,
  title={Stability properties of graph neural networks},
  author={Gama, Fernando and Bruna, Joan and Ribeiro, Alejandro},
  journal={IEEE Transactions on Signal Processing},
  volume={68},
  pages={5680--5695},
  year={2020},
  publisher={IEEE}
}

@article{ruiz2020graphon,
  title={Graphon neural networks and the transferability of graph neural networks},
  author={Ruiz, Luana and Chamon, Luiz and Ribeiro, Alejandro},
  journal={Advances in Neural Information Processing Systems},
  volume={33},
  pages={1702--1712},
  year={2020}
}

@inproceedings{wang2020unsupervised,
  title={Unsupervised learning for asynchronous resource allocation in ad-hoc wireless networks},
  author={Wang, Zhiyang and Eisen, Mark and Ribeiro, Alejandro},
  booktitle={ICASSP 2021-2021 IEEE International Conference on Acoustics, Speech and Signal Processing (ICASSP)},
  pages={8143--8147},
  year={2021},
  organization={IEEE}
}

@inproceedings{he2020resource,
  title={Resource Allocation based on Graph Neural Networks in Vehicular Communications},
  author={He, Ziyan and Wang, Liang and Ye, Hao and Li, Geoffrey Ye and Juang, Biing-Hwang Fred},
  booktitle={GLOBECOM 2020-2020 IEEE Global Communications Conference},
  pages={1--5},
  year={2020},
  organization={IEEE}
}

@inproceedings{defferrard2019deepsphere,
  title={DeepSphere: a graph-based spherical CNN},
  author={Defferrard, Micha{\"e}l and Milani, Martino and Gusset, Fr{\'e}d{\'e}rick and Perraudin, Nathana{\"e}l},
  booktitle={International Conference on Learning Representations},
  year={2019}
}


@inproceedings{ruiz2021graphon,
  title={Graphon and graph neural network stability},
  author={Ruiz, Luana and Wang, Zhiyang and Ribeiro, Alejandro},
  booktitle={ICASSP 2021-2021 IEEE International Conference on Acoustics, Speech and Signal Processing (ICASSP)},
  pages={5255--5259},
  year={2021},
  organization={IEEE}
}

@book{gallier2020differential,
  title={Differential geometry and Lie groups: a computational perspective},
  author={Gallier, Jean and Quaintance, Jocelyn},
  volume={12},
  year={2020},
  publisher={Springer Nature}
}

@article{maskey2021transferability,
  title={Transferability of Graph Neural Networks: an Extended Graphon Approach},
  author={Maskey, Sohir and Levie, Ron and Kutyniok, Gitta},
  journal={arXiv preprint arXiv:2109.10096},
  year={2021}
}

@article{ruiz2021transferability,
  title={{Transferability Properties of Graph Neural Networks}},
  author={Ruiz, Luana and Chamon, Luiz FO and Ribeiro, Alejandro},
  journal={arXiv preprint arXiv:2112.04629},
  year={2021}
}

@article{bronstein2021geometric,
  title={Geometric deep learning: Grids, groups, graphs, geodesics, and gauges},
  author={Bronstein, Michael M and Bruna, Joan and Cohen, Taco and Veli{\v{c}}kovi{\'c}, Petar},
  journal={arXiv preprint arXiv:2104.13478},
  year={2021}
}

@article{chowdhury2021unfolding,
  title={Unfolding wmmse using graph neural networks for efficient power allocation},
  author={Chowdhury, Arindam and Verma, Gunjan and Rao, Chirag and Swami, Ananthram and Segarra, Santiago},
  journal={IEEE Transactions on Wireless Communications},
  year={2021},
  publisher={IEEE}
}

@inproceedings{wang2021stability,
  title={Stability of neural networks on riemannian manifolds},
  author={Wang, Zhiyang and Ruiz, Luana and Ribeiro, Alejandro},
  booktitle={2021 29th European Signal Processing Conference (EUSIPCO)},
  pages={1845--1849},
  year={2021},
  organization={IEEE}
}

@inproceedings{wang2022stability,
  title={Stability of neural networks on manifolds to relative perturbations},
  author={Wang, Zhiyang and Ruiz, Luana and Ribeiro, Alejandro},
  booktitle={ICASSP 2022-2022 IEEE International Conference on Acoustics, Speech and Signal Processing (ICASSP)},
  pages={5473--5477},
  year={2022},
  organization={IEEE}
}

@article{ruiz2021graph,
  title={Graph neural networks: Architectures, stability, and transferability},
  author={Ruiz, Luana and Gama, Fernando and Ribeiro, Alejandro},
  journal={Proceedings of the IEEE},
  volume={109},
  number={5},
  pages={660--682},
  year={2021},
  publisher={IEEE}
}

@article{dunson2021spectral,
  title={Spectral convergence of graph laplacian and heat kernel reconstruction in $L^\infty$ from random samples},
  author={Dunson, David B and Wu, Hau-Tieng and Wu, Nan},
  journal={Applied and Computational Harmonic Analysis},
  volume={55},
  pages={282--336},
  year={2021},
  publisher={Elsevier}
}

@article{parada2021algebraic,
  title={Algebraic neural networks: Stability to deformations},
  author={Parada-Mayorga, Alejandro and Ribeiro, Alejandro},
  journal={IEEE Transactions on Signal Processing},
  volume={69},
  pages={3351--3366},
  year={2021},
  publisher={IEEE}
}
















































