@article{szabo2016learning,
  title={Learning theory for distribution regression},
  author={Szab{\'o}, Zolt{\'a}n and Sriperumbudur, Bharath K and P{\'o}czos, Barnab{\'a}s and Gretton, Arthur},
  journal={The Journal of Machine Learning Research},
  volume={17},
  number={1},
  pages={5272--5311},
  year={2016}
}

@inproceedings{singh2019kernel,
  title={Kernel instrumental variable regression},
  author={Singh, Rahul and Sahani, Maneesh and Gretton, Arthur},
  booktitle={Advances in Neural Information Processing Systems},
  pages={4595--4607},
  year={2019}
}

@inproceedings{sriperumbudur2010relation,
  title={On the relation between universality, characteristic kernels and {RKHS} embedding of measures},
  author={Sriperumbudur, Bharath and Fukumizu, Kenji and Lanckriet, Gert},
  booktitle={International Conference on Artificial Intelligence and Statistics},
  pages={773--780},
  year={2010}
}

@article{caponnetto2007optimal,
  title={Optimal rates for the regularized least-squares algorithm},
  author={Caponnetto, Andrea and De Vito, Ernesto},
  journal={Foundations of Computational Mathematics},
  volume={7},
  number={3},
  pages={331--368},
  year={2007},
  publisher={Springer}
}

@article{newey2003instrumental,
  title={Instrumental variable estimation of nonparametric models},
  author={Newey, Whitney K and Powell, James L},
  journal={Econometrica},
  volume={71},
  number={5},
  pages={1565--1578},
  year={2003}
}

@article{fukumizu2013kernel,
  title={Kernel {B}ayes' rule: {B}ayesian inference with positive definite kernels},
  author={Fukumizu, Kenji and Song, Le and Gretton, Arthur},
  journal={Journal of Machine Learning Research},
  volume={14},
  number={1},
  pages={3753--3783},
  year={2013}
}

@article{muandet2021counterfactual,
  title={Counterfactual mean embeddings},
  author={Muandet, Krikamol and Kanagawa, Motonobu and Saengkyongam, Sorawit and Marukatat, Sanparith},
  journal={Journal of Machine Learning Research},
  volume={22},
  number={162},
  pages={1--71},
  year={2021}
}

@book{pearl2009causality,
  title={Causality},
  author={Pearl, Judea},
  year={2009},
  publisher={Cambridge University Press}
}

@article{smale2007learning,
  title={Learning theory estimates via integral operators and their approximations},
  author={Smale, Steve and Zhou, Ding-Xuan},
  journal={Constructive Approximation},
  volume={26},
  number={2},
  pages={153--172},
  year={2007},
  publisher={Springer}
}

@inproceedings{nishiyama2012hilbert,
  title={Hilbert Space Embeddings of {POMDP}s},
  author={Nishiyama, Yu and Boularias, Abdeslam and Gretton, Arthur and Fukumizu, Kenji},
  booktitle={Conference on Uncertainty in Artificial Intelligence},
  year={2012}
}

@article{nishiyama2020model,
  title={Model-based kernel sum rule: Kernel {B}ayesian inference with probabilistic models},
  author={Nishiyama, Yu and Kanagawa, Motonobu and Gretton, Arthur and Fukumizu, Kenji},
  journal={Machine Learning},
  pages={1--34},
  year={2020},
  publisher={Springer}
}

@inproceedings{kusner2017counterfactual,
  title={Counterfactual fairness},
  author={Kusner, Matt J and Loftus, Joshua and Russell, Chris and Silva, Ricardo},
  booktitle={Advances in Neural Information Processing Systems},
  pages={4066--4076},
  year={2017}
}

@inproceedings{song2014nonparametric,
  title={Nonparametric estimation of multi-view latent variable models},
  author={Song, Le and Anandkumar, Animashree and Dai, Bo and Xie, Bo},
  booktitle={International Conference on Machine Learning},
  pages={640--648},
  year={2014}
}

@article{simon2020metrizing,
  title={Metrizing Weak Convergence with Maximum Mean Discrepancies},
  author={Simon-Gabriel, Carl-Johann and Barp, Alessandro and Mackey, Lester},
  journal={arXiv:2006.09268},
  year={2020}
}

@book{hernan2010causal,
  title={Causal Inference},
  author={Hern{\'a}n, Miguel A and Robins, James M},
  year={2020},
  publisher={CRC}
}

@article{colangelo2020double,
  title={Double debiased machine learning nonparametric inference with continuous treatments},
  author={Colangelo, Kyle and Lee, Ying-Ying},
  journal={arXiv:2004.03036},
  year={2020}
}

@article{imai2010identification,
  title={Identification, inference and sensitivity analysis for causal mediation effects},
  author={Imai, Kosuke and Keele, Luke and Yamamoto, Teppei},
  journal={Statistical Science},
  pages={51--71},
  year={2010}
}

@article{daniel2011gformula,
  title={gformula: Estimating causal effects in the presence of time-varying confounding or mediation using the g-computation formula},
  author={Daniel, Rhian M and De Stavola, Bianca L and Cousens, Simon N},
  journal={The Stata Journal},
  volume={11},
  number={4},
  pages={479--517},
  year={2011}
}

@article{chernozhukov2016locally,
  title={Locally robust semiparametric estimation},
  author={Chernozhukov, Victor and Escanciano, Juan Carlos and Ichimura, Hidehiko and Newey, Whitney K and Robins, James M},
  journal={arXiv:1608.00033},
  year={2016}
}

@article{chernozhukov2018learning,
  title={Automatic Debiased Machine Learning of Causal and Structural Effects},
  author={Chernozhukov, Victor and Newey, Whitney K and Singh, Rahul},
  journal={arXiv:1809.05224},
  year={2018}
}

@inproceedings{schuster2020kernel,
  title={Kernel conditional density operators},
  author={Schuster, Ingmar and Mollenhauer, Mattes and Klus, Stefan and Muandet, Krikamol},
  booktitle={International Conference on Artificial Intelligence and Statistics},
  pages={993--1004},
  year={2020}
}

@article{tolstikhin2017minimax,
  title={Minimax estimation of kernel mean embeddings},
  author={Tolstikhin, Ilya and Sriperumbudur, Bharath K and Muandet, Krikamol},
  journal={The Journal of Machine Learning Research},
  volume={18},
  number={1},
  pages={3002--3048},
  year={2017},
  publisher={JMLR. org}
}

@article{rothenhausler2018anchor,
  title={Anchor regression: Heterogeneous data meets causality},
  author={Rothenh{\"a}usler, Dominik and Meinshausen, Nicolai and B{\"u}hlmann, Peter and Peters, Jonas},
  journal={arXiv:1801.06229},
  year={2018}
}

@article{jakobsen2020distributional,
  title={Distributional Robustness of {K}-class Estimators and the {PULSE}},
  author={Jakobsen, Martin Emil and Peters, Jonas},
  journal={arXiv:2005.03353},
  year={2020}
}

@article{christiansen2020difficult,
  title={The Difficult Task of Distribution Generalization in Nonlinear Models},
  author={Christiansen, Rune and Pfister, Niklas and Jakobsen, Martin Emil and Gnecco, Nicola and Peters, Jonas},
  journal={arXiv:2006.07433},
  year={2020}
}

@article{angrist1996identification,
  title={Identification of causal effects using instrumental variables},
  author={Angrist, Joshua D and Imbens, Guido W and Rubin, Donald B},
  journal={Journal of the American Statistical Association},
  volume={91},
  number={434},
  pages={444--455},
  year={1996},
  publisher={Taylor \& Francis}
}

@article{angrist2000interpretation,
  title={The interpretation of instrumental variables estimators in simultaneous equations models with an application to the demand for fish},
  author={Angrist, Joshua D and Graddy, Kathryn and Imbens, Guido W},
  journal={The Review of Economic Studies},
  volume={67},
  number={3},
  pages={499--527},
  year={2000},
  publisher={Wiley-Blackwell}
}

@article{kennedy2017nonparametric,
  title={Nonparametric methods for doubly robust estimation of continuous treatment effects},
  author={Kennedy, Edward H and Ma, Zongming and McHugh, Matthew D and Small, Dylan S},
  journal={Journal of the Royal Statistical Society: Series B (Statistical Methodology)},
  volume={79},
  number={4},
  pages={1229},
  year={2017},
  publisher={NIH Public Access}
}

@inproceedings{kallus2018policy,
  title={Policy Evaluation and Optimization with Continuous Treatments},
  author={Kallus, Nathan and Zhou, Angela},
  booktitle={International Conference on Artificial Intelligence and Statistics},
  pages={1243--1251},
  year={2018}
}

@article{su2019non,
  title={Non-separable models with high-dimensional data},
  author={Su, Liangjun and Ura, Takuya and Zhang, Yichong},
  journal={Journal of Econometrics},
  volume={212},
  number={2},
  pages={646--677},
  year={2019},
  publisher={Elsevier}
}

@inproceedings{shpitser2009effects,
  title={Effects of Treatment on the Treated: Identification and Generalization},
  author={Shpitser, Ilya and Pearl, Judea},
  booktitle={Conference on Uncertainty in Artificial Intelligence},
  year={2009}
}

@article{agarwal2020synthetic,
  title={Synthetic Interventions},
  author={Agarwal, Anish and Alomar, Abdullah and Cosson, Romain and Shah, Devavrat and Shen, Dennis},
  journal={arXiv:2006.07691},
  year={2020}
}

@article{stock1989nonparametric,
  title={Nonparametric policy analysis},
  author={Stock, James H},
  journal={Journal of the American Statistical Association},
  volume={84},
  number={406},
  pages={567--575},
  year={1989},
  publisher={Taylor \& Francis Group}
}

@article{chernozhukov2022debiased,
  title={Debiased machine learning of global and local parameters using regularized {R}iesz representers},
  author={Chernozhukov, Victor and Newey, Whitney K and Singh, Rahul},
  journal={The Econometrics Journal},
  year={2022}
}

@article{singh2019biased,
  title={De-biased Machine Learning in Intrumental Variable Models for Treatment Effects},
  author={Singh, Rahul and Sun, Liyang},
  journal={arXiv:1909.05244},
  year={2019}
}

@article{gretton2009covariate,
  title={Covariate shift by kernel mean matching},
  author={Gretton, Arthur and Smola, Alex and Huang, Jiayuan and Schmittfull, Marcel and Borgwardt, Karsten and Sch{\"o}lkopf, Bernhard},
  journal={Dataset Shift in Machine Learning},
  volume={3},
  number={4},
  pages={5},
  year={2009}
}

@article{rosenbaum1983central,
  title={The central role of the propensity score in observational studies for causal effects},
  author={Rosenbaum, Paul R and Rubin, Donald B},
  journal={Biometrika},
  volume={70},
  number={1},
  pages={41--55},
  year={1983},
  publisher={Oxford University Press}
}

@article{abrevaya2015estimating,
  title={Estimating conditional average treatment effects},
  author={Abrevaya, Jason and Hsu, Yu-Chin and Lieli, Robert P},
  journal={Journal of Business \& Economic Statistics},
  volume={33},
  number={4},
  pages={485--505},
  year={2015},
  publisher={Taylor \& Francis}
}


@article{fan2019estimation,
  title={Estimation of conditional average treatment effects with high-dimensional data},
  author={Fan, Qingliang and Hsu, Yu-Chin and Lieli, Robert P and Zhang, Yichong},
  journal={Journal of Business \& Economic Statistics},
  volume={40},
  number={1},
  pages={313--327},
  year={2022},
  publisher={Taylor \& Francis}
}

@article{carrasco2007linear,
  title={Linear inverse problems in structural econometrics estimation based on spectral decomposition and regularization},
  author={Carrasco, Marine and Florens, Jean-Pierre and Renault, Eric},
  journal={Handbook of Econometrics},
  volume={6},
  pages={5633--5751},
  year={2007},
  publisher={Elsevier}
}

@article{darolles2011nonparametric,
  title={Nonparametric instrumental regression},
  author={Darolles, Serge and Fan, Yanqin and Florens, Jean-Pierre and Renault, Eric},
  journal={Econometrica},
  volume={79},
  number={5},
  pages={1541--1565},
  year={2011},
  publisher={Wiley Online Library}
}

@article{nie2021quasi,
  title={Quasi-oracle estimation of heterogeneous treatment effects},
  author={Nie, Xinkun and Wager, Stefan},
  journal={Biometrika},
  volume={108},
  number={2},
  pages={299--319},
  year={2021},
  publisher={Oxford University Press}
}

@article{robins1986new,
  title={A new approach to causal inference in mortality studies with a sustained exposure period—application to control of the healthy worker survivor effect},
  author={Robins, James},
  journal={Mathematical Modelling},
  volume={7},
  number={9-12},
  pages={1393--1512},
  year={1986},
  publisher={Elsevier}
}

@article{farbmacher2020causal,
  title={Causal mediation analysis with double machine learning},
  author={Farbmacher, Helmut and Huber, Martin and Langen, Henrika and Spindler, Martin},
  journal={arXiv:2002.12710},
  year={2020}
}

@article{demirer2019semi,
  title={Semi-parametric efficient policy learning with continuous actions},
  author={Demirer, Mert and Syrgkanis, Vasilis and Lewis, Greg and Chernozhukov, Victor},
  journal={arXiv:1905.10116},
  year={2019}
}

@article{kato2020off,
  title={Off-Policy Evaluation and Learning for External Validity under a Covariate Shift},
  author={Kato, Masahiro and Uehara, Masatoshi and Yasui, Shota},
  journal={arXiv:2002.11642},
  year={2020}
}

@article{kallus2020doubly,
  title={Doubly Robust Off-Policy Value and Gradient Estimation for Deterministic Policies},
  author={Kallus, Nathan and Uehara, Masatoshi},
  journal={arXiv:2006.03900},
  year={2020}
}

@article{zenati2020counterfactual,
  title={Counterfactual Learning of Continuous Stochastic Policies},
  author={Zenati, Houssam and Bietti, Alberto and Martin, Matthieu and Diemert, Eustache and Mairal, Julien},
  journal={arXiv:2004.11722},
  year={2020}
}

@article{imai2010general,
  title={A general approach to causal mediation analysis},
  author={Imai, Kosuke and Keele, Luke and Tingley, Dustin},
  journal={Psychological Methods},
  volume={15},
  number={4},
  pages={309},
  year={2010},
  publisher={American Psychological Association}
}

@article{tchetgen2012semiparametric,
  title={Semiparametric theory for causal mediation analysis: Efficiency bounds, multiple robustness, and sensitivity analysis},
  author={Tchetgen, Eric J Tchetgen and Shpitser, Ilya},
  journal={Annals of Statistics},
  volume={40},
  number={3},
  pages={1816},
  year={2012},
  publisher={NIH Public Access}
}

@book{peters2017elements,
  title={Elements of Causal Inference},
  author={Peters, Jonas and Janzing, Dominik and Sch{\"o}lkopf, Bernhard},
  year={2017},
  publisher={The MIT Press}
}

@book{imbens2015causal,
  title={Causal Inference in Statistics, Social, and Biomedical Sciences},
  author={Imbens, Guido W and Rubin, Donald B},
  year={2015},
  publisher={Cambridge University Press}
}

@book{angrist2008mostly,
  title={Mostly Harmless Econometrics: An Empiricist's Companion},
  author={Angrist, Joshua D and Pischke, J{\"o}rn-Steffen},
  year={2008},
  publisher={Princeton university press}
}

@book{wahba1990spline,
  title={Spline Models for Observational Data},
  author={Wahba, Grace},
  year={1990},
  publisher={SIAM}
}

@book{steinwart2008support,
  title={Support Vector Machines},
  author={Steinwart, Ingo and Christmann, Andreas},
  year={2008},
  publisher={Springer Science \& Business Media}
}

@book{berlinet2011reproducing,
  title={Reproducing Kernel Hilbert Spaces in Probability and Statistics},
  author={Berlinet, Alain and Thomas-Agnan, Christine},
  year={2011},
  publisher={Springer Science \& Business Media}
}

@article{muandet2017kernel,
  title={Kernel mean embedding of distributions: A review and beyond},
  author={Muandet, Krikamol and Fukumizu, Kenji and Sriperumbudur, Bharath and Sch{\"o}lkopf, Bernhard},
  journal={Foundations and Trends in Machine Learning},
  volume={10},
  number={1-2},
  pages={1--141},
  year={2017}
}

@article{semenova2021debiased,
  title={Debiased machine learning of conditional average treatment effects and other causal functions},
  author={Semenova, Vira and Chernozhukov, Victor},
  journal={The Econometrics Journal},
  volume={24},
  number={2},
  pages={264--289},
  year={2021},
  publisher={Oxford University Press}
}

@article{zimmert2019nonparametric,
  title={Nonparametric estimation of causal heterogeneity under high-dimensional confounding},
  author={Zimmert, Michael and Lechner, Michael},
  journal={arXiv:1908.08779},
  year={2019}
}

@article{wager2018estimation,
  title={Estimation and inference of heterogeneous treatment effects using random forests},
  author={Wager, Stefan and Athey, Susan},
  journal={Journal of the American Statistical Association},
  volume={113},
  number={523},
  pages={1228--1242},
  year={2018},
  publisher={Taylor \& Francis}
}

@article{pearl1993comment,
  title={Comment: Graphical models, Causality and Intervention},
  author={Pearl, Judea},
  journal={Statistical Science},
  volume={8},
  number={3},
  pages={266--269},
  year={1993},
  publisher={JSTOR}
}

@inproceedings{pearl1995probabilistic,
  title={Probabilistic evaluation of sequential plans from causal models with hidden variables.},
  author={Pearl, Judea and Robins, James M},
  booktitle={Conference on Uncertainty in Artificial Intelligence},
  volume={95},
  pages={444--453},
  year={1995}
}

@article{dinardo1996labor,
  title={Labor Market Institutions and the Distribution of Wages, 1973-1992: A Semiparametric Approach},
  author={DiNardo, John and Fortin, Nicole M and Lemieux, Thomas},
  journal={Econometrica},
  volume={64},
  number={5},
  pages={1001--1044},
  year={1996}
}

@inproceedings{grunewalder2013smooth,
  title={Smooth operators},
  author={Gr{\"u}new{\"a}lder, Steffen and Gretton, Arthur and Shawe-Taylor, John},
  booktitle={International Conference on Machine Learning},
  pages={1184--1192},
  year={2013}
}

@article{carmeli2006vector,
  title={Vector valued reproducing kernel {H}ilbert spaces of integrable functions and {M}ercer theorem},
  author={Carmeli, Claudio and De Vito, Ernesto and Toigo, Alessandro},
  journal={Analysis and Applications},
  volume={4},
  number={4},
  pages={377--408},
  year={2006},
  publisher={World Scientific}
}

@inproceedings{grunewalder2012conditional,
  title={Conditional mean embeddings as regressors},
  author={Gr{\"u}new{\"a}lder, Steffen and Lever, Guy and Baldassarre, Luca and Patterson, Sam and Gretton, Arthur and Pontil, Massimiliano},
  booktitle={International Conference on Machine Learning},
  volume={5},
  year={2012}
}

@inproceedings{ciliberto2016consistent,
  title={A consistent regularization approach for structured prediction},
  author={Ciliberto, Carlo and Rosasco, Lorenzo and Rudi, Alessandro},
  booktitle={Advances in Neural Information Processing Systems},
  pages={4412--4420},
  year={2016}
}


@techreport{gretton2018notes,
  title={R{K}{H}{S} in Machine Learning: Testing Statistical Dependence},
  author={Gretton, Arthur},
  year={2018},
  institution={UCL Gatsby Unit}
}

@article{pearl1995causal,
  title={Causal diagrams for empirical research},
  author={Pearl, Judea},
  journal={Biometrika},
  volume={82},
  number={4},
  pages={669--688},
  year={1995},
  publisher={Oxford University Press}
}

@article{dikkala2020minimax,
  title={Minimax Estimation of Conditional Moment Models},
  author={Dikkala, Nishanth and Lewis, Greg and Mackey, Lester and Syrgkanis, Vasilis},
  journal={arXiv:2006.07201},
  year={2020}
}

@article{foster2019orthogonal,
  title={Orthogonal statistical learning},
  author={Foster, Dylan J and Syrgkanis, Vasilis},
  journal={arXiv:1901.09036},
  year={2019}
}

@inproceedings{smola2007hilbert,
  title={A {H}ilbert space embedding for distributions},
  author={Smola, Alex and Gretton, Arthur and Song, Le and Sch{\"o}lkopf, Bernhard},
  booktitle={International Conference on Algorithmic Learning Theory},
  pages={13--31},
  year={2007}
}

@article{song2013kernel,
  title={Kernel embeddings of conditional distributions: A unified kernel framework for nonparametric inference in graphical models},
  author={Song, Le and Fukumizu, Kenji and Gretton, Arthur},
  journal={IEEE Signal Processing Magazine},
  volume={30},
  number={4},
  pages={98--111},
  year={2013}
}

@article{gretton2012kernel,
  title={A kernel two-sample test},
  author={Gretton, Arthur and Borgwardt, Karsten M and Rasch, Malte J and Sch{\"o}lkopf, Bernhard and Smola, Alexander},
  journal={The Journal of Machine Learning Research},
  volume={13},
  number={1},
  pages={723--773},
  year={2012},
  publisher={JMLR. org}
}

@article{chernozhukov2018original,
  title={Double/debiased machine learning for treatment and structural parameters},
  author={Chernozhukov, Victor and Chetverikov, Denis and Demirer, Mert and Duflo, Esther and Hansen, Christian and Newey, Whitney and Robins, James},
  journal={The Econometrics Journal},
  volume={21},
  number={1},
  year={2018},
  publisher={Oxford University Press}
}


@inproceedings{chen2010super,
  title={Super-samples from kernel herding},
  author={Chen, Yutian and Welling, Max and Smola, Alex},
  booktitle={Conference on Uncertainty in Artificial Intelligence},
  pages={109--116},
  year={2010}
}

@article{chernozhukov2013inference,
  title={Inference on counterfactual distributions},
  author={Chernozhukov, Victor and Fern{\'a}ndez-Val, Iv{\'a}n and Melly, Blaise},
  journal={Econometrica},
  volume={81},
  number={6},
  pages={2205--2268},
  year={2013},
  publisher={Wiley Online Library}
}

@article{abadie2010synthetic,
  title={Synthetic control methods for comparative case studies: Estimating the effect of {C}alifornia’s tobacco control program},
  author={Abadie, Alberto and Diamond, Alexis and Hainmueller, Jens},
  journal={Journal of the American Statistical Association},
  volume={105},
  number={490},
  pages={493--505},
  year={2010},
  publisher={Taylor \& Francis}
}

@article{li2019statistical,
  title={Statistical inference for average treatment effects estimated by synthetic control methods},
  author={Li, Kathleen T},
  journal={Journal of the American Statistical Association},
  pages={1--16},
  year={2019},
  publisher={Taylor \& Francis}
}

@article{abadie2003economic,
  title={The economic costs of conflict: A case study of the {B}asque {C}ountry},
  author={Abadie, Alberto and Gardeazabal, Javier},
  journal={American Economic Review},
  volume={93},
  number={1},
  pages={113--132},
  year={2003}
}

@inproceedings{agarwal2019robustness,
  title={On robustness of principal component regression},
  author={Agarwal, Anish and Shah, Devavrat and Shen, Dennis and Song, Dogyoon},
  booktitle={Advances in Neural Information Processing Systems},
  pages={9893--9903},
  year={2019}
}

@article{huber2020direct,
  title={Direct and indirect effects of continuous treatments based on generalized propensity score weighting},
  author={Huber, Martin and Hsu, Yu-Chin and Lee, Ying-Ying and Lettry, Layal},
  journal={Journal of Applied Econometrics},
  year={2020},
  publisher={Wiley Online Library}
}

@inproceedings{oprescu2019orthogonal,
  title={Orthogonal random forest for causal inference},
  author={Oprescu, Miruna and Syrgkanis, Vasilis and Wu, Zhiwei Steven},
  booktitle={International Conference on Machine Learning},
  pages={4932--4941},
  year={2019}
}

@article{kunzel2019metalearners,
  title={Metalearners for estimating heterogeneous treatment effects using machine learning},
  author={K{\"u}nzel, S{\"o}ren R and Sekhon, Jasjeet S and Bickel, Peter J and Yu, Bin},
  journal={Proceedings of the National Academy of Sciences},
  volume={116},
  number={10},
  pages={4156--4165},
  year={2019},
  publisher={National Acad Sciences}
}

@article{robins1992identifiability,
  title={Identifiability and exchangeability for direct and indirect effects},
  author={Robins, James M and Greenland, Sander},
  journal={Epidemiology},
  pages={143--155},
  year={1992},
  publisher={JSTOR}
}

@inproceedings{pearl2001direct,
author = {Pearl, Judea},
title = {Direct and Indirect Effects},
year = {2001},
isbn = {1558608001},
booktitle = {Conference on Uncertainty in Artificial Intelligence},
pages = {411–420},
numpages = {10},
location = {Seattle, Washington}
}

@article{judd1981process,
  title={Process analysis: Estimating mediation in treatment evaluations},
  author={Judd, Charles M and Kenny, David A},
  journal={Evaluation Review},
  volume={5},
  number={5},
  pages={602--619},
  year={1981},
  publisher={Sage Publications Sage CA: Thousand Oaks, CA}
}

@article{baron1986moderator,
  title={The moderator--mediator variable distinction in social psychological research: Conceptual, strategic, and statistical considerations.},
  author={Baron, Reuben M and Kenny, David A},
  journal={Journal of Personality and Social Psychology},
  volume={51},
  number={6},
  pages={1173},
  year={1986},
  publisher={American Psychological Association}
}

@book{vanderweele2015explanation,
  title={Explanation in Causal Inference: Methods for Mediation and Interaction},
  author={VanderWeele, Tyler},
  year={2015},
  publisher={Oxford University Press}
}

@article{heckman2013understanding,
  title={Understanding the mechanisms through which an influential early childhood program boosted adult outcomes},
  author={Heckman, James and Pinto, Rodrigo and Savelyev, Peter},
  journal={American Economic Review},
  volume={103},
  number={6},
  pages={2052--86},
  year={2013}
}

@article{conti2016effects,
  title={The effects of two influential early childhood interventions on health and healthy behaviour},
  author={Conti, Gabriella and Heckman, James J and Pinto, Rodrigo},
  journal={The Economic Journal},
  volume={126},
  number={596},
  pages={F28--F65},
  year={2016},
  publisher={Oxford University Press Oxford, UK}
}

@incollection{currie2011human,
  title={Human capital development before age five},
  author={Currie, Janet and Almond, Douglas},
  booktitle={Handbook of Labor Economics},
  volume={4},
  pages={1315--1486},
  year={2011},
  publisher={Elsevier}
}

@incollection{almlund2011personality,
  title={Personality, Psychology, and Economics},
  author={Almlund, Mathilde and Duckworth, Angela Lee and Heckman, James and Kautz, Tim},
  booktitle={Handbook of the Economics of Education},
  volume={4},
  pages={1--181},
  year={2011},
  publisher={Elsevier}
}


@article{knudsen2006economic,
  title={Economic, neurobiological, and behavioral perspectives on building {A}merica’s future workforce},
  author={Knudsen, Eric I and Heckman, James J and Cameron, Judy L and Shonkoff, Jack P},
  journal={Proceedings of the National Academy of Sciences},
  volume={103},
  number={27},
  pages={10155--10162},
  year={2006},
  publisher={National Acad Sciences}
}

@article{heckman2015econometric,
  title={Econometric mediation analyses: Identifying the sources of treatment effects from experimentally estimated production technologies with unmeasured and mismeasured inputs},
  author={Heckman, James J and Pinto, Rodrigo},
  journal={Econometric Reviews},
  volume={34},
  number={1-2},
  pages={6--31},
  year={2015},
  publisher={Taylor \& Francis}
}

@article{cunha2010estimating,
  title={Estimating the technology of cognitive and noncognitive skill formation},
  author={Cunha, Flavio and Heckman, James J and Schennach, Susanne M},
  journal={Econometrica},
  volume={78},
  number={3},
  pages={883--931},
  year={2010},
  publisher={Wiley Online Library}
}

@article{heckman2007econometric1,
  title={Econometric evaluation of social programs, Part {I}: Causal models, structural models and econometric policy evaluation},
  author={Heckman, James J and Vytlacil, Edward J},
  journal={Handbook of Econometrics},
  volume={6},
  pages={4779--4874},
  year={2007},
  publisher={Elsevier}
}

@article{heckman2007econometric2,
  title={Econometric evaluation of social programs, part {II}: Using the marginal treatment effect to organize alternative econometric estimators to evaluate social programs, and to forecast their effects in new environments},
  author={Heckman, James J and Vytlacil, Edward J},
  journal={Handbook of Econometrics},
  volume={6},
  pages={4875--5143},
  year={2007},
  publisher={Elsevier}
}

@article{abbring2007econometric3,
  title={Econometric evaluation of social programs, part {III}: Distributional treatment effects, dynamic treatment effects, dynamic discrete choice, and general equilibrium policy evaluation},
  author={Abbring, Jaap H and Heckman, James J},
  journal={Handbook of Econometrics},
  volume={6},
  pages={5145--5303},
  year={2007},
  publisher={Elsevier}
}

@article{neyman1935statistical,
  title={Statistical problems in agricultural experimentation},
  author={Neyman, Jerzy and Iwaszkiewicz, Karolina},
  journal={Supplement to the Journal of the Royal Statistical Society},
  volume={2},
  number={2},
  pages={107--180},
  year={1935},
  publisher={JSTOR}
}

@article{rubin1978bayesian,
  title={Bayesian inference for causal effects: The role of randomization},
  author={Rubin, Donald B},
  journal={The Annals of Statistics},
  pages={34--58},
  year={1978},
  publisher={JSTOR}
}

@article{haavelmo1943statistical,
  title={The statistical implications of a system of simultaneous equations},
  author={Haavelmo, Trygve},
  journal={Econometrica},
  pages={1--12},
  year={1943},
  publisher={JSTOR}
}

@book{persson2002political,
  title={Political Economics: Explaining Economic Policy},
  author={Persson, Torsten and Tabellini, Guido Enrico},
  year={2002},
  publisher={MIT press}
}

@article{roy1951some,
  title={Some thoughts on the distribution of earnings},
  author={Roy, Andrew Donald},
  journal={Oxford Economic Papers},
  volume={3},
  number={2},
  pages={135--146},
  year={1951},
  publisher={JSTOR}
}

@article{heckman1990empirical,
  title={The empirical content of the {R}oy model},
  author={Heckman, James J and Honore, Bo E},
  journal={Econometrica},
  pages={1121--1149},
  year={1990},
  publisher={JSTOR}
}

@article{heckman1979sample,
  title={Sample selection bias as a specification error},
  author={Heckman, James J},
  journal={Econometrica},
  pages={153--161},
  year={1979}
}

@article{abbring2003nonparametric,
  title={The nonparametric identification of treatment effects in duration models},
  author={Abbring, Jaap H and Van den Berg, Gerard J},
  journal={Econometrica},
  volume={71},
  number={5},
  pages={1491--1517},
  year={2003}
}

@article{heckman1974shadow,
  title={Shadow prices, market wages, and labor supply},
  author={Heckman, James},
  journal={Econometrica},
  pages={679--694},
  year={1974}
}

@article{matzkin1992nonparametric,
  title={Nonparametric and distribution-free estimation of the binary threshold crossing and the binary choice models},
  author={Matzkin, Rosa L},
  journal={Econometrica},
  pages={239--270},
  year={1992}
}

@article{heckman2001policy,
  title={Policy-relevant treatment effects},
  author={Heckman, James J and Vytlacil, Edward},
  journal={American Economic Review},
  volume={91},
  number={2},
  pages={107--111},
  year={2001}
}

@article{heckman2005structural,
  title={Structural equations, treatment effects, and econometric policy evaluation},
  author={Heckman, James J and Vytlacil, Edward},
  journal={Econometrica},
  volume={73},
  number={3},
  pages={669--738},
  year={2005},
  publisher={Wiley Online Library}
}

@article{blundell2004endogeneity,
  title={Endogeneity in semiparametric binary response models},
  author={Blundell, Richard W and Powell, James L},
  journal={The Review of Economic Studies},
  volume={71},
  number={3},
  pages={655--679},
  year={2004},
  publisher={Wiley-Blackwell}
}

@article{florens2008identification,
  title={Identification of treatment effects using control functions in models with continuous, endogenous treatment and heterogeneous effects},
  author={Florens, Jean-Pierre and Heckman, James J and Meghir, Costas and Vytlacil, Edward},
  journal={Econometrica},
  volume={76},
  number={5},
  pages={1191--1206},
  year={2008},
  publisher={Wiley Online Library}
}

@article{imbens2009identification,
  title={Identification and estimation of triangular simultaneous equations models without additivity},
  author={Imbens, Guido W and Newey, Whitney K},
  journal={Econometrica},
  volume={77},
  number={5},
  pages={1481--1512},
  year={2009}
}

@article{chamberlain1984panel,
  title={Panel data},
  author={Chamberlain, Gary},
  journal={Handbook of Econometrics},
  volume={2},
  pages={1247--1318},
  year={1984},
  publisher={Elsevier}
}

@incollection{robins1997causal,
  title={Causal inference from complex longitudinal data},
  author={Robins, James M},
  booktitle={Latent Variable Modeling and Applications to Causality},
  pages={69--117},
  year={1997},
  publisher={Springer}
}

@article{gill2001causal,
  title={Causal inference for complex longitudinal data: The continuous case},
  author={Gill, Richard D and Robins, James M},
  journal={Annals of Statistics},
  pages={1785--1811},
  year={2001},
  publisher={JSTOR}
}

@article{lok2008statistical,
  title={Statistical modeling of causal effects in continuous time},
  author={Lok, Judith J},
  journal={The Annals of Statistics},
  volume={36},
  number={3},
  pages={1464--1507},
  year={2008},
  publisher={Institute of Mathematical Statistics}
}

@article{lechner2010identification,
  title={Identification of the effects of dynamic treatments by sequential conditional independence assumptions},
  author={Lechner, Michael and Miquel, Ruth},
  journal={Empirical Economics},
  volume={39},
  number={1},
  pages={111--137},
  year={2010},
  publisher={Springer}
}

@article{fitzenberger2008get,
  title={Get training or wait? {L}ong-run employment effects of training programs for the unemployed in {W}est {G}ermany},
  author={Fitzenberger, Bernd and Osikominu, Aderonke and V{\"o}lter, Robert},
  journal={Annales d'Economie et de Statistique},
  pages={321--355},
  year={2008},
  publisher={JSTOR}
}

@article{rust1987optimal,
  title={Optimal replacement of {GMC} bus engines: An empirical model of {H}arold {Z}urcher},
  author={Rust, John},
  journal={Econometrica},
  pages={999--1033},
  year={1987},
  publisher={JSTOR}
}

@article{hotz1988empirical,
  title={An empirical analysis of life cycle fertility and female labor supply},
  author={Hotz, V Joseph and Miller, Robert A},
  journal={Econometrica},
  pages={91--118},
  year={1988},
  publisher={JSTOR}
}

@article{hotz1993conditional,
  title={Conditional choice probabilities and the estimation of dynamic models},
  author={Hotz, V Joseph and Miller, Robert A},
  journal={The Review of Economic Studies},
  volume={60},
  number={3},
  pages={497--529},
  year={1993},
  publisher={Wiley-Blackwell}
}

@article{manski1993dynamic,
  title={Dynamic choice in social settings: Learning from the experiences of others},
  author={Manski, Charles F},
  journal={Journal of Econometrics},
  volume={58},
  number={1-2},
  pages={121--136},
  year={1993},
  publisher={Elsevier}
}

@article{magnac2002identifying,
  title={Identifying dynamic discrete decision processes},
  author={Magnac, Thierry and Thesmar, David},
  journal={Econometrica},
  volume={70},
  number={2},
  pages={801--816},
  year={2002},
  publisher={JSTOR}
}

@article{murphy2003optimal,
  title={Optimal dynamic treatment regimes},
  author={Murphy, Susan A},
  journal={Journal of the Royal Statistical Society: Series B (Statistical Methodology)},
  volume={65},
  number={2},
  pages={331--355},
  year={2003},
  publisher={Wiley Online Library}
}

@article{florens1982note,
  title={A note on noncausality},
  author={Florens, Jean-Pierre and Mouchart, Michel},
  journal={Econometrica},
  pages={583--591},
  year={1982},
  publisher={JSTOR}
}

@article{granger1969investigating,
  title={Investigating causal relations by econometric models and cross-spectral methods},
  author={Granger, Clive WJ},
  journal={Econometrica},
  pages={424--438},
  year={1969},
  publisher={JSTOR}
}

@article{abbring2008event,
  title={The event-history approach to program evaluation},
  author={Abbring, Jaap H},
  journal={Advances in Econometrics},
  volume={21},
  pages={33--55},
  year={2008}
}

@article{heckman2007dynamic,
  title={Dynamic discrete choice and dynamic treatment effects},
  author={Heckman, James J and Navarro, Salvador},
  journal={Journal of Econometrics},
  volume={136},
  number={2},
  pages={341--396},
  year={2007},
  publisher={Elsevier}
}

@article{imbens2000role,
  title={The role of the propensity score in estimating dose-response functions},
  author={Imbens, Guido W},
  journal={Biometrika},
  volume={87},
  number={3},
  pages={706--710},
  year={2000},
  publisher={Oxford University Press}
}

@article{hirano2004propensity,
  title={The propensity score with continuous treatments},
  author={Hirano, Keisuke and Imbens, Guido W},
  journal={Applied {B}ayesian Modeling and Causal Inference from Incomplete-Data Perspectives},
  volume={226164},
  pages={73--84},
  year={2004}
}

@article{hirano2003efficient,
  title={Efficient estimation of average treatment effects using the estimated propensity score},
  author={Hirano, Keisuke and Imbens, Guido W and Ridder, Geert},
  journal={Econometrica},
  volume={71},
  number={4},
  pages={1161--1189},
  year={2003},
  publisher={Wiley Online Library}
}

@article{hahn1998role,
  title={On the role of the propensity score in efficient semiparametric estimation of average treatment effects},
  author={Hahn, Jinyong},
  journal={Econometrica},
  pages={315--331},
  year={1998},
  publisher={JSTOR}
}

@article{heckman1998matching,
  title={Matching as an econometric evaluation estimator},
  author={Heckman, James J and Ichimura, Hidehiko and Todd, Petra},
  journal={The Review of Economic Studies},
  volume={65},
  number={2},
  pages={261--294},
  year={1998},
  publisher={Wiley-Blackwell}
}

@article{abadie2006large,
  title={Large sample properties of matching estimators for average treatment effects},
  author={Abadie, Alberto and Imbens, Guido W},
  journal={Econometrica},
  volume={74},
  number={1},
  pages={235--267},
  year={2006},
  publisher={Wiley Online Library}
}

@article{firpo2007efficient,
  title={Efficient semiparametric estimation of quantile treatment effects},
  author={Firpo, Sergio},
  journal={Econometrica},
  volume={75},
  number={1},
  pages={259--276},
  year={2007},
  publisher={Wiley Online Library}
}

@article{cattaneo2010efficient,
  title={Efficient semiparametric estimation of multi-valued treatment effects under ignorability},
  author={Cattaneo, Matias D},
  journal={Journal of Econometrics},
  volume={155},
  number={2},
  pages={138--154},
  year={2010},
  publisher={Elsevier}
}

@article{bitler2006mean,
  title={What mean impacts miss: Distributional effects of welfare reform experiments},
  author={Bitler, Marianne P and Gelbach, Jonah B and Hoynes, Hilary W},
  journal={American Economic Review},
  volume={96},
  number={4},
  pages={988--1012},
  year={2006}
}

@article{flores2012estimating,
  title={Estimating the effects of length of exposure to instruction in a training program: The case of {J}ob {C}orps},
  author={Flores, Carlos A and Flores-Lagunes, Alfonso and Gonzalez, Arturo and Neumann, Todd C},
  journal={Review of Economics and Statistics},
  volume={94},
  number={1},
  pages={153--171},
  year={2012},
  publisher={MIT Press}
}

@article{imbens2004nonparametric,
  title={Nonparametric estimation of average treatment effects under exogeneity: A review},
  author={Imbens, Guido W},
  journal={Review of Economics and Statistics},
  volume={86},
  number={1},
  pages={4--29},
  year={2004},
  publisher={MIT Press}
}

@article{athey2018approximate,
  title={Approximate residual balancing: Debiased inference of average treatment effects in high dimensions},
  author={Athey, Susan and Imbens, Guido W and Wager, Stefan},
  journal={Journal of the Royal Statistical Society: Series B (Statistical Methodology)},
  volume={80},
  number={4},
  pages={597--623},
  year={2018},
  publisher={Royal Statistical Society}
}

@article{abadie2018econometric,
  title={Econometric methods for program evaluation},
  author={Abadie, Alberto and Cattaneo, Matias D},
  journal={Annual Review of Economics},
  volume={10},
  pages={465--503},
  year={2018},
  publisher={Annual Reviews}
}

@article{allcott2015site,
  title={Site selection bias in program evaluation},
  author={Allcott, Hunt},
  journal={The Quarterly Journal of Economics},
  volume={130},
  number={3},
  pages={1117--1165},
  year={2015},
  publisher={MIT Press}
}

@article{hotz2005predicting,
  title={Predicting the efficacy of future training programs using past experiences at other locations},
  author={Hotz, V Joseph and Imbens, Guido W and Mortimer, Julie H},
  journal={Journal of Econometrics},
  volume={125},
  number={1-2},
  pages={241--270},
  year={2005},
  publisher={Elsevier}
}

@article{cattaneo2018kernel,
  title={Kernel-Based Semiparametric Estimators: Small Bandwidth Asymptotics and Bootstrap Consistency},
  author={Cattaneo, Matias D and Jansson, Michael},
  journal={Econometrica},
  volume={86},
  number={3},
  pages={955--995},
  year={2018},
  publisher={Wiley Online Library}
}

@article{norets2014semiparametric,
  title={Semiparametric inference in dynamic binary choice models},
  author={Norets, Andriy and Tang, Xun},
  journal={Review of Economic Studies},
  volume={81},
  number={3},
  pages={1229--1262},
  year={2014},
  publisher={Oxford University Press}
}

@article{lalonde1986evaluating,
  title={Evaluating the econometric evaluations of training programs with experimental data},
  author={LaLonde, Robert J},
  journal={The American Economic Review},
  pages={604--620},
  year={1986},
  publisher={JSTOR}
}

@article{dehejia2002propensity,
  title={Propensity score-matching methods for nonexperimental causal studies},
  author={Dehejia, Rajeev H and Wahba, Sadek},
  journal={Review of Economics and Statistics},
  volume={84},
  number={1},
  pages={151--161},
  year={2002},
  publisher={MIT Press}
}

@article{steinwart2012mercer,
  title={Mercer’s theorem on general domains: On the interaction between measures, kernels, and {RKHS}s},
  author={Steinwart, Ingo and Scovel, Clint},
  journal={Constructive Approximation},
  volume={35},
  number={3},
  pages={363--417},
  year={2012},
  publisher={Springer}
}

@article{carrasco2012regularization,
  title={A regularization approach to the many instruments problem},
  author={Carrasco, Marine},
  journal={Journal of Econometrics},
  volume={170},
  number={2},
  pages={383--398},
  year={2012},
  publisher={Elsevier}
}

@article{carrasco2015regularized,
  title={Regularized {LIML} for many instruments},
  author={Carrasco, Marine and Tchuente, Guy},
  journal={Journal of Econometrics},
  volume={186},
  number={2},
  pages={427--442},
  year={2015},
  publisher={Elsevier}
}

@article{carrasco2016sample,
  title={In-sample inference and forecasting in misspecified factor models},
  author={Carrasco, Marine and Rossi, Barbara},
  journal={Journal of Business \& Economic Statistics},
  volume={34},
  number={3},
  pages={313--338},
  year={2016},
  publisher={Taylor \& Francis}
}

@inproceedings{shalit2017estimating,
  title={Estimating individual treatment effect: Generalization bounds and algorithms},
  author={Shalit, Uri and Johansson, Fredrik D and Sontag, David},
  booktitle={International Conference on Machine Learning},
  pages={3076--3085},
  year={2017}
}

@book{cook1979quasi,
  title={Quasi-Experimentation: Design \& Analysis Issues for Field Settings},
  author={Cook, Thomas D and Campbell, Donald Thomas and Day, Arles},
  volume={351},
  year={1979},
  publisher={Houghton Mifflin Boston}
}

@article{meyer1995natural,
  title={Natural and quasi-experiments in economics},
  author={Meyer, Breed D},
  journal={Journal of Business \& Economic Statistics},
  volume={13},
  number={2},
  pages={151--161},
  year={1995},
  publisher={Taylor \& Francis}
}

@inproceedings{welling2009herding,
  title={Herding dynamical weights to learn},
  author={Welling, Max},
  booktitle={International Conference on Machine Learning},
  pages={1121--1128},
  year={2009}
}

@inproceedings{bach2012equivalence,
  title={On the equivalence between herding and conditional gradient algorithms},
  author={Bach, Francis and Lacoste-Julien, Simon and Obozinski, Guillaume},
  booktitle={International Conference on Machine Learning},
  pages={1355--1362},
  year={2012}
}

@article{sriperumbudur2016optimal,
  title={On the optimal estimation of probability measures in weak and strong topologies},
  author={Sriperumbudur, Bharath},
  journal={Bernoulli},
  volume={22},
  number={3},
  pages={1839--1893},
  year={2016},
  publisher={Bernoulli Society for Mathematical Statistics and Probability}
}

@article{lodhi2002text,
  title={Text classification using string kernels},
  author={Lodhi, Huma and Saunders, Craig and Shawe-Taylor, John and Cristianini, Nello and Watkins, Chris},
  journal={Journal of Machine Learning Research},
  volume={2},
  number={Feb},
  pages={419--444},
  year={2002}
}

@inproceedings{fukumizu2009characteristic,
  title={Characteristic kernels on groups and semigroups},
  author={Fukumizu, Kenji and Gretton, Arthur and Sch{\"o}lkopf, Bernhard and Sriperumbudur, Bharath K},
  booktitle={Advances in Neural Information Processing Systems},
  pages={473--480},
  year={2009}
}

@incollection{gartner2003graph,
  title={On graph kernels: Hardness results and efficient alternatives},
  author={G{\"a}rtner, Thomas and Flach, Peter and Wrobel, Stefan},
  booktitle={Learning Theory and Kernel Machines},
  pages={129--143},
  year={2003},
  publisher={Springer}
}

@inproceedings{veitch2020adapting,
  title={Adapting text embeddings for causal inference},
  author={Veitch, Victor and Sridhar, Dhanya and Blei, David},
  booktitle={Conference on Uncertainty in Artificial Intelligence},
  pages={919--928},
  year={2020}
}

@article{shervashidze2011weisfeiler,
  title={Weisfeiler-lehman graph kernels.},
  author={Shervashidze, Nino and Schweitzer, Pascal and Van Leeuwen, Erik Jan and Mehlhorn, Kurt and Borgwardt, Karsten M},
  journal={Journal of Machine Learning Research},
  volume={12},
  number={9},
  year={2011}
}

@article{chen2020convolutional,
  title={Convolutional Kernel Networks for Graph-Structured Data},
  author={Chen, Dexiong and Jacob, Laurent and Mairal, Julien},
  journal={arXiv:2003.05189},
  year={2020}
}

@article{keith2020text,
  title={Text and Causal Inference: A Review of Using Text to Remove Confounding from Causal Estimates},
  author={Keith, Katherine A and Jensen, David and O'Connor, Brendan},
  journal={arXiv:2005.00649},
  year={2020}
}

@book{devroye1996probabilistic,
  title={A Probabilistic Theory of Pattern Recognition},
  author={Devroye, Luc and Gy{\"o}rfi, L{\'a}szl{\'o} and Lugosi, G{\'a}bor},
  volume={31},
  year={1996},
  publisher={Springer Science \& Business Media}
}

@book{van2000applications,
  title={Applications of Empirical Process Theory},
  author={Van de Geer, Sara A},
  volume={91},
  year={2000},
  publisher={Cambridge University Press}
}

@book{gyorfi2006distribution,
  title={A Distribution-Free Theory of Nonparametric Regression},
  author={Gy{\"o}rfi, L{\'a}szl{\'o} and Kohler, Michael and Krzyzak, Adam and Walk, Harro},
  year={2006},
  publisher={Springer Science \& Business Media}
}

@article{cucker2002best,
  title={Best choices for regularization parameters in learning theory: On the bias-variance problem},
  author={Cucker, Felipe and Smale, Steve},
  journal={Foundations of Computational Mathematics},
  volume={2},
  number={4},
  pages={413--428},
  year={2002}
}

@article{vito2005learning,
  title={Learning from examples as an inverse problem},
  author={Vito, Ernesto De and Rosasco, Lorenzo and Caponnetto, Andrea and Giovannini, Umberto De and Odone, Francesca},
  journal={Journal of Machine Learning Research},
  volume={6},
  number={May},
  pages={883--904},
  year={2005}
}

@article{sriperumbudur2011universality,
  title={Universality, Characteristic Kernels and {RKHS} Embedding of Measures},
  author={Sriperumbudur, Bharath K and Fukumizu, Kenji and Lanckriet, Gert RG},
  journal={Journal of Machine Learning Research},
  volume={12},
  number={7},
  year={2011}
}

@article{mendelson2003performance,
  title={On the performance of kernel classes},
  author={Mendelson, Shahar},
  journal={Journal of Machine Learning Research},
  volume={4},
  number={Oct},
  pages={759--771},
  year={2003}
}

@inproceedings{zhang2003effective,
  title={Effective dimension and generalization of kernel learning},
  author={Zhang, Tong},
  booktitle={Advances in Neural Information Processing Systems},
  pages={471--478},
  year={2003}
}

@article{cucker2002mathematical,
  title={On the mathematical foundations of learning},
  author={Cucker, Felipe and Smale, Steve},
  journal={Bulletin of the American Mathematical Society},
  volume={39},
  number={1},
  pages={1--49},
  year={2002},
  publisher={Citeseer}
}

@book{williams2006gaussian,
  title={Gaussian Processes for Machine Learning},
  author={Rasmussen, Carl Edward and Williams, Christopher KI},
  volume={2},
  year={2006},
  publisher={MIT Press}
}

@article{kimeldorf1971some,
  title={Some Results on {T}chebycheffian Spline Functions},
  author={Kimeldorf, George and Wahba, Grace},
  journal={Journal of Mathematical Analysis and Applications},
  volume={33},
  number={1},
  pages={82--95},
  year={1971},
  publisher={Elsevier}
}

@article{chen2007large,
  title={Large sample sieve estimation of semi-nonparametric models},
  author={Chen, Xiaohong},
  journal={Handbook of Econometrics},
  volume={6},
  pages={5549--5632},
  year={2007},
  publisher={Elsevier}
}

@article{aronszajn1950theory,
  title={Theory of Reproducing Kernels},
  author={Aronszajn, Nachman},
  journal={Transactions of the American Mathematical Society},
  volume={68},
  number={3},
  pages={337--404},
  year={1950},
  publisher={JSTOR}
}

@article{bauer2007regularization,
  title={On regularization algorithms in learning theory},
  author={Bauer, Frank and Pereverzev, Sergei and Rosasco, Lorenzo},
  journal={Journal of Complexity},
  volume={23},
  number={1},
  pages={52--72},
  year={2007},
  publisher={Elsevier}
}

@article{dicker2017kernel,
  title={Kernel ridge vs. principal component regression: Minimax bounds and the qualification of regularization operators},
  author={Dicker, Lee H and Foster, Dean P and Hsu, Daniel},
  journal={Electronic Journal of Statistics},
  volume={11},
  number={1},
  pages={1022--1047},
  year={2017},
  publisher={The Institute of Mathematical Statistics and the Bernoulli Society}
}

@article{neubauer1997converse,
  title={On converse and saturation results for {T}ikhonov regularization of linear ill-posed problems},
  author={Neubauer, Andreas},
  journal={SIAM Journal on Numerical Analysis},
  volume={34},
  number={2},
  pages={517--527},
  year={1997},
  publisher={SIAM}
}

@article{mathe2004saturation,
  title={Saturation of regularization methods for linear ill-posed problems in {H}ilbert spaces},
  author={Math{\'e}, Peter},
  journal={SIAM Journal on Numerical Analysis},
  volume={42},
  number={3},
  pages={968--973},
  year={2004},
  publisher={SIAM}
}

@article{fischer2017sobolev,
  title={Sobolev Norm Learning Rates for Regularized Least-Squares Algorithms.},
  author={Fischer, Simon and Steinwart, Ingo},
  journal={Journal of Machine Learning Research},
  volume={21},
  pages={205--1},
  year={2020}
}

@inproceedings{pillaud2018statistical,
  title={Statistical optimality of stochastic gradient descent on hard learning problems through multiple passes},
  author={Pillaud-Vivien, Loucas and Rudi, Alessandro and Bach, Francis},
  booktitle={Advances in Neural Information Processing Systems},
  pages={8114--8124},
  year={2018}
}

@article{newey1994kernel,
  title={Kernel estimation of partial means and a general variance estimator},
  author={Newey, Whitney K},
  journal={Econometric Theory},
  pages={233--253},
  year={1994},
  publisher={JSTOR}
}

@article{lewis2020double,
  title={Double/Debiased Machine Learning for Dynamic Treatment Effects},
  author={Lewis, Greg and Syrgkanis, Vasilis},
  journal={arXiv:2002.07285},
  year={2020}
}

@article{hsu2020counterfactual,
  title={Counterfactual Treatment Effects: Estimation and Inference},
  author={Hsu, Yu-Chin and Lai, Tsung-Chih and Lieli, Robert P},
  journal={Journal of Business \& Economic Statistics},
  pages={1--16},
  year={2020},
  publisher={Taylor \& Francis}
}

@article{bloom1984accounting,
  title={Accounting for no-shows in experimental evaluation designs},
  author={Bloom, Howard S},
  journal={Evaluation Review},
  volume={8},
  number={2},
  pages={225--246},
  year={1984},
  publisher={Sage Publications Sage CA: Thousand Oaks, CA}
}

@article{begun1983information,
  title={Information and asymptotic efficiency in parametric-nonparametric models},
  author={Begun, Janet M and Hall, WJ and Huang, Wei-Min and Wellner, Jon A},
  journal={The Annals of Statistics},
  volume={11},
  number={2},
  pages={432--452},
  year={1983},
  publisher={Institute of Mathematical Statistics}
}

@book{bickel1993efficient,
  title={Efficient and Adaptive Estimation for Semiparametric Models},
  author={Bickel, Peter J and Klaassen, Chris AJ and Bickel, Peter J and Ritov, Ya’acov and Klaassen, J and Wellner, Jon A and Ritov, YA'Acov},
  volume={4},
  year={1993},
  publisher={Johns Hopkins University Press Baltimore}
}

@book{pfanzagl2012contributions,
  title={Contributions to a General Asymptotic Statistical Theory},
  author={Pfanzagl, Johann},
  volume={13},
  year={2012},
  publisher={Springer Science \& Business Media}
}

@article{powell1994estimation,
  title={Estimation of semiparametric models},
  author={Powell, James L},
  journal={Handbook of Econometrics},
  volume={4},
  pages={2443--2521},
  year={1994},
  publisher={Elsevier}
}

@book{van2000asymptotic,
  title={Asymptotic Statistics},
  author={van der Vaart, Aad W},
  volume={3},
  year={2000},
  publisher={Cambridge University Press}
}

@article{newey1994asymptotic,
  title={The asymptotic variance of semiparametric estimators},
  author={Newey, Whitney K},
  journal={Econometrica},
  pages={1349--1382},
  year={1994},
  publisher={JSTOR}
}

@article{robins1995analysis,
  title={Analysis of semiparametric regression models for repeated outcomes in the presence of missing data},
  author={Robins, James M and Rotnitzky, Andrea and Zhao, Lue Ping},
  journal={Journal of the American Statistical Association},
  volume={90},
  number={429},
  pages={106--121},
  year={1995},
  publisher={Taylor \& Francis Group}
}

@book{van2011targeted,
  title={Targeted Learning: Causal Inference for Observational and Experimental Data},
  author={van der Laan, Mark J and Rose, Sherri},
  year={2011},
  publisher={Springer Science \& Business Media}
}

@book{tsiatis2007semiparametric,
  title={Semiparametric Theory and Missing Data},
  author={Tsiatis, Anastasios},
  year={2007},
  publisher={Springer Science \& Business Media}
}

@article{shimodaira2000improving,
  title={Improving predictive inference under covariate shift by weighting the log-likelihood function},
  author={Shimodaira, Hidetoshi},
  journal={Journal of Statistical Planning and Inference},
  volume={90},
  number={2},
  pages={227--244},
  year={2000},
  publisher={Elsevier}
}

@article{daume2006domain,
  title={Domain adaptation for statistical classifiers},
  author={Daume III, Hal and Marcu, Daniel},
  journal={Journal of Artificial Intelligence Research},
  volume={26},
  pages={101--126},
  year={2006}
}

@article{huang2006correcting,
  title={Correcting sample selection bias by unlabeled data},
  author={Huang, Jiayuan and Gretton, Arthur and Borgwardt, Karsten and Sch{\"o}lkopf, Bernhard and Smola, Alex},
  journal={Advances in Neural Information Processing Systems},
  volume={19},
  pages={601--608},
  year={2006}
}

@inproceedings{cortes2008sample,
  title={Sample selection bias correction theory},
  author={Cortes, Corinna and Mohri, Mehryar and Riley, Michael and Rostamizadeh, Afshin},
  booktitle={International Conference on Algorithmic Learning Theory},
  pages={38--53},
  year={2008},
  organization={Springer}
}

@inproceedings{sugiyama2008direct,
  title={Direct importance estimation with model selection and its application to covariate shift adaptation},
  author={Sugiyama, Masashi and Nakajima, Shinichi and Kashima, Hisashi and Buenau, Paul V and Kawanabe, Motoaki},
  booktitle={Advances in Neural Information Processing Systems},
  pages={1433--1440},
  year={2008}
}

@inproceedings{mansour2009domain,
  title={Domain adaptation: Learning bounds and algorithms},
  author={Mansour, Yishay and Mohri, Mehryar and Rostamizadeh, Afshin},
  booktitle={Conference on Learning Theory},
  year={2009}
}

@inproceedings{zhang2013domain,
  title={Domain adaptation under target and conditional shift},
  author={Zhang, Kun and Sch{\"o}lkopf, Bernhard and Muandet, Krikamol and Wang, Zhikun},
  booktitle={International Conference on Machine Learning},
  pages={819--827},
  year={2013}
}

@inproceedings{reddi2015doubly,
  title={Doubly robust covariate shift correction},
  author={Reddi, Sashank Jakkam and Poczos, Barnabas and Smola, Alex},
  booktitle={AAAI Conference on Artificial Intelligence},
  year={2015},
  organization={Citeseer}
}

@article{blanchard2017domain,
  title={Domain generalization by marginal transfer learning},
  author={Blanchard, Gilles and Deshmukh, Aniket Anand and Dogan, Urun and Lee, Gyemin and Scott, Clayton},
  journal={arXiv:1711.07910},
  year={2017}
}

@inproceedings{altun2006unifying,
  title={Unifying divergence minimization and statistical inference via convex duality},
  author={Altun, Yasemin and Smola, Alex},
  booktitle={Conference on Computational Learning Theory},
  pages={139--153},
  year={2006},
  organization={Springer}
}

@article{rubin1986comment,
  title={Comment: Which ifs have causal answers},
  author={Rubin, Donald B},
  journal={Journal of the American Statistical Association},
  volume={81},
  number={396},
  pages={961--962},
  year={1986},
  publisher={Taylor \& Francis Group}
}

@article{robins1989analysis,
  title={The analysis of randomized and non-randomized {AIDS} treatment trials using a new approach to causal inference in longitudinal studies},
  author={Robins, James M},
  journal={Health Service Research Methodology: A Focus on AIDS},
  pages={113--159},
  year={1989},
  publisher={US Public Health Service, National Center for Health Services Research}
}

@inproceedings{robins1993information,
  title={Information recovery and bias adjustment in proportional hazards regression analysis of randomized trials using surrogate markers},
  author={Robins, James M},
  booktitle={Proceedings of the Biopharmaceutical Section, American Statistical Association},
  volume={24},
  pages={3},
  year={1993},
  organization={San Francisco CA}
}

@article{bang2005doubly,
  title={Doubly robust estimation in missing data and causal inference models},
  author={Bang, Heejung and Robins, James M},
  journal={Biometrics},
  volume={61},
  number={4},
  pages={962--973},
  year={2005},
  publisher={Wiley Online Library}
}

@article{young2011comparative,
  title={Comparative effectiveness of dynamic treatment regimes: An application of the parametric g-formula},
  author={Young, Jessica G and Cain, Lauren E and Robins, James M and O’Reilly, Eilis J and Hern{\'a}n, Miguel A},
  journal={Statistics in Biosciences},
  volume={3},
  number={1},
  pages={119},
  year={2011},
  publisher={Springer}
}

@article{van2010targeted,
  title={Targeted maximum likelihood based causal inference: Part I},
  author={van der Laan, Mark J},
  journal={The International Journal of Biostatistics},
  volume={6},
  number={2},
  pages={2},
  year={2010},
  publisher={De Gruyter}
}

@article{van2010targeted2,
  title={Targeted maximum likelihood based causal inference: Part II.},
  author={van der Laan, MJ},
  journal={The International Journal of Biostatistics},
  volume={6},
  number={2},
  pages={3},
  year={2010}
}

@article{cain2010start,
  title={When to start treatment? A systematic approach to the comparison of dynamic regimes using observational data},
  author={Cain, Lauren E and Robins, James M and Lanoy, Emilie and Logan, Roger and Costagliola, Dominique and Hern{\'a}n, Miguel A},
  journal={The International Journal of Biostatistics},
  volume={6},
  number={2},
  year={2010},
  publisher={De Gruyter}
}

@article{chakraborty2014dynamic,
  title={Dynamic treatment regimes},
  author={Chakraborty, Bibhas and Murphy, Susan A},
  journal={Annual Review of Statistics and its Application},
  volume={1},
  pages={447--464},
  year={2014},
  publisher={Annual Reviews}
}

@article{han2020identification,
  title={Identification in nonparametric models for dynamic treatment effects},
  author={Han, Sukjin},
  journal={Journal of Econometrics},
  year={2020},
  publisher={Elsevier}
}

@article{murphy2001marginal,
  title={Marginal mean models for dynamic regimes},
  author={Murphy, Susan A and van der Laan, Mark J and Robins, James M and Conduct Problems Prevention Research Group},
  journal={Journal of the American Statistical Association},
  volume={96},
  number={456},
  pages={1410--1423},
  year={2001},
  publisher={Taylor \& Francis}
}

@book{bather2000decision,
  title={Decision Theory: An Introduction to Dynamic Programming and Sequential Decisions},
  author={Bather, John},
  year={2000},
  publisher={John Wiley \& Sons, Inc.}
}

@book{bertsekas1996neuro,
  title={Neuro-Dynamic Programming},
  author={Bertsekas, Dimitri P and Tsitsiklis, John N},
  year={1996},
  publisher={Athena Scientific}
}

@article{zhang2013robust,
  title={Robust estimation of optimal dynamic treatment regimes for sequential treatment decisions},
  author={Zhang, Baqun and Tsiatis, Anastasios A and Laber, Eric B and Davidian, Marie},
  journal={Biometrika},
  volume={100},
  number={3},
  pages={681--694},
  year={2013},
  publisher={Oxford University Press}
}

@article{watkins1992q,
  title={Q-learning},
  author={Watkins, Christopher and Dayan, Peter},
  journal={Machine learning},
  volume={8},
  number={3-4},
  pages={279--292},
  year={1992},
  publisher={Springer}
}

@inproceedings{robins2004optimal,
  title={Optimal structural nested models for optimal sequential decisions},
  author={Robins, James M},
  booktitle={Proceedings of the Second Seattle Symposium in Biostatistics},
  pages={189--326},
  year={2004},
  organization={Springer}
}

@article{zhang2012robust,
  title={A robust method for estimating optimal treatment regimes},
  author={Zhang, Baqun and Tsiatis, Anastasios A and Laber, Eric B and Davidian, Marie},
  journal={Biometrics},
  volume={68},
  number={4},
  pages={1010--1018},
  year={2012},
  publisher={Wiley Online Library}
}

@phdthesis{watkins1989learning,
  author       = {Watkins, Christopher John Cornish Hellaby}, 
  title        = {Learning from delayed rewards},
  school       = {University of Cambridge},
  year         = {1989}
}

@article{shi2018high,
  title={High-dimensional {A}-learning for optimal dynamic treatment regimes},
  author={Shi, Chengchun and Fan, Alin and Song, Rui and Lu, Wenbin},
  journal={Annals of Statistics},
  volume={46},
  number={3},
  pages={925},
  year={2018},
  publisher={NIH Public Access}
}

@article{qian2011performance,
  title={Performance guarantees for individualized treatment rules},
  author={Qian, Min and Murphy, Susan A},
  journal={Annals of Statistics},
  volume={39},
  number={2},
  pages={1180},
  year={2011},
  publisher={NIH Public Access}
}

@article{zhao2015new,
  title={New statistical learning methods for estimating optimal dynamic treatment regimes},
  author={Zhao, Ying-Qi and Zeng, Donglin and Laber, Eric B and Kosorok, Michael R},
  journal={Journal of the American Statistical Association},
  volume={110},
  number={510},
  pages={583--598},
  year={2015},
  publisher={Taylor \& Francis}
}

@article{zhao2012estimating,
  title={Estimating individualized treatment rules using outcome weighted learning},
  author={Zhao, Yingqi and Zeng, Donglin and Rush, A John and Kosorok, Michael R},
  journal={Journal of the American Statistical Association},
  volume={107},
  number={499},
  pages={1106--1118},
  year={2012},
  publisher={Taylor \& Francis}
}

@article{sun2020estimating,
  title={Estimating dynamic treatment effects in event studies with heterogeneous treatment effects},
  author={Sun, Liyang and Abraham, Sarah},
  journal={Journal of Econometrics},
  year={2020},
  publisher={Elsevier}
}

@article{angrist1995two,
  title={Two-stage least squares estimation of average causal effects in models with variable treatment intensity},
  author={Angrist, Joshua D and Imbens, Guido W},
  journal={Journal of the American Statistical Association},
  volume={90},
  number={430},
  pages={431--442},
  year={1995},
  publisher={Taylor \& Francis Group}
}

@article{balat2018multiple,
  title={Multiple treatments with strategic interaction},
  author={Balat, Jorge F and Han, Sukjin},
  journal={Available at SSRN 3182766},
  year={2018}
}

@article{cunha2007identification,
  title={The identification and economic content of ordered choice models with stochastic thresholds},
  author={Cunha, Flavio and Heckman, James J and Navarro, Salvador},
  journal={International Economic Review},
  volume={48},
  number={4},
  pages={1273--1309},
  year={2007},
  publisher={Wiley Online Library}
}

@article{fredriksson2008dynamic,
  title={Dynamic treatment assignment: the consequences for evaluations using observational data},
  author={Fredriksson, Peter and Johansson, Per},
  journal={Journal of Business \& Economic Statistics},
  volume={26},
  number={4},
  pages={435--445},
  year={2008},
  publisher={Taylor \& Francis}
}

@article{heckman2016dynamic,
  title={Dynamic treatment effects},
  author={Heckman, James J and Humphries, John Eric and Veramendi, Gregory},
  journal={Journal of Econometrics},
  volume={191},
  number={2},
  pages={276--292},
  year={2016},
  publisher={Elsevier}
}

@article{imai2018matching,
  title={Matching methods for causal inference with time-series cross-section data},
  author={Imai, Kosuke and Kim, In Song and Wang, Erik},
  journal={Princeton University},
  volume={1},
  year={2018}
}

@article{shaikh2011partial,
  title={Partial identification in triangular systems of equations with binary dependent variables},
  author={Shaikh, Azeem M and Vytlacil, Edward J},
  journal={Econometrica},
  volume={79},
  number={3},
  pages={949--955},
  year={2011},
  publisher={Wiley Online Library}
}

@article{lee2018identifying,
  title={Identifying effects of multivalued treatments},
  author={Lee, Sokbae and Salani{\'e}, Bernard},
  journal={Econometrica},
  volume={86},
  number={6},
  pages={1939--1963},
  year={2018},
  publisher={Wiley Online Library}
}

@article{sasaki2015heterogeneity,
  title={Heterogeneity and selection in dynamic panel data},
  author={Sasaki, Yuya},
  journal={Journal of Econometrics},
  volume={188},
  number={1},
  pages={236--249},
  year={2015},
  publisher={Elsevier}
}

@article{torgovitsky2019nonparametric,
  title={Nonparametric inference on state dependence in unemployment},
  author={Torgovitsky, Alexander},
  journal={Econometrica},
  volume={87},
  number={5},
  pages={1475--1505},
  year={2019},
  publisher={Wiley Online Library}
}

@article{vikstrom2018bounds,
  title={Bounds on treatment effects on transitions},
  author={Vikstr{\"o}m, Johan and Ridder, Geert and Weidner, Martin},
  journal={Journal of Econometrics},
  volume={205},
  number={2},
  pages={448--469},
  year={2018},
  publisher={Elsevier}
}

@article{vytlacil2007dummy,
  title={Dummy endogenous variables in weakly separable models},
  author={Vytlacil, Edward and Yildiz, Nese},
  journal={Econometrica},
  volume={75},
  number={3},
  pages={757--779},
  year={2007},
  publisher={Wiley Online Library}
}

@article{callaway2020difference,
  title={Difference-in-differences with multiple time periods},
  author={Callaway, Brantly and Sant’Anna, Pedro HC},
  journal={Journal of Econometrics},
  year={2020},
  publisher={Elsevier}
}

@article{blevins2014nonparametric,
  title={Nonparametric identification of dynamic decision processes with discrete and continuous choices},
  author={Blevins, Jason R},
  journal={Quantitative Economics},
  volume={5},
  number={3},
  pages={531--554},
  year={2014},
  publisher={Wiley Online Library}
}

@article{buchholz2020semiparametric,
  title={Semiparametric estimation of dynamic discrete choice models},
  author={Buchholz, Nicholas and Shum, Matthew and Xu, Haiqing},
  journal={Journal of Econometrics},
  year={2020},
  publisher={Elsevier}
}

@article{chernozhukov2020adversarial,
  title={Adversarial Estimation of {R}iesz Representers},
  author={Chernozhukov, Victor and Newey, Whitney and Singh, Rahul and Syrgkanis, Vasilis},
  journal={arXiv:2101.00009},
  year={2020}
}

@article{levit1976efficiency,
  title={On the efficiency of a class of non-parametric estimates},
  author={Levit, B Ya},
  journal={Theory of Probability \& Its Applications},
  volume={20},
  number={4},
  pages={723--740},
  year={1976},
  publisher={SIAM}
}

@article{ibragimov1981statistical,
  title={Statistical Estimation, vol. 16 of},
  author={Ibragimov, I and Has’minskii, R},
  journal={Applications of Mathematics},
  year={1981}
}

@article{pfanzagl1982lecture,
  title={Lecture notes in statistics},
  author={Pfanzagl, Johann},
  journal={Contributions to a General Asymptotic Statistical Theory},
  volume={13},
  year={1982},
  publisher={Springer}
}

@article{bickel1982adaptive,
  title={On adaptive estimation},
  author={Bickel, Peter J},
  journal={The Annals of Statistics},
  pages={647--671},
  year={1982},
  publisher={JSTOR}
}

@article{klaassen1987consistent,
  title={Consistent estimation of the influence function of locally asymptotically linear estimators},
  author={Klaassen, Chris AJ},
  journal={The Annals of Statistics},
  pages={1548--1562},
  year={1987},
  publisher={JSTOR}
}

@article{robinson1988root,
  title={Root-N-consistent semiparametric regression},
  author={Robinson, Peter M},
  journal={Econometrica},
  pages={931--954},
  year={1988},
  publisher={JSTOR}
}

@article{ai2003efficient,
  title={Efficient estimation of models with conditional moment restrictions containing unknown functions},
  author={Ai, Chunrong and Chen, Xiaohong},
  journal={Econometrica},
  volume={71},
  number={6},
  pages={1795--1843},
  year={2003},
  publisher={Wiley Online Library}
}

 
@article{ai2007estimation,
  title={Estimation of possibly misspecified semiparametric conditional moment restriction models with different conditioning variables},
  author={Ai, Chunrong and Chen, Xiaohong},
  journal={Journal of Econometrics},
  volume={141},
  number={1},
  pages={5--43},
  year={2007},
  publisher={Elsevier}
}

@article{ai2012semiparametric,
  title={The semiparametric efficiency bound for models of sequential moment restrictions containing unknown functions},
  author={Ai, Chunrong and Chen, Xiaohong},
  journal={Journal of Econometrics},
  volume={170},
  number={2},
  pages={442--457},
  year={2012},
  publisher={Elsevier}
}

@book{kosorok2007introduction,
  title={Introduction to Empirical Processes and Semiparametric Inference},
  author={Kosorok, Michael R},
  year={2007},
  publisher={Springer Science \& Business Media}
}

@article{chen1999improved,
  title={Improved rates and asymptotic normality for nonparametric neural network estimators},
  author={Chen, Xiaohong and White, Halbert},
  journal={IEEE Transactions on Information Theory},
  volume={45},
  number={2},
  pages={682--691},
  year={1999},
  publisher={IEEE}
}

@article{farrell2018deep,
  title={Deep Neural Networks for Estimation and Inference: Application to Causal Effects and Other Semiparametric Estimands},
  author={Farrell, Max H and Liang, Tengyuan and Misra, Sanjog},
  journal={arXiv:1809.09953},
  year={2018}
}

@article{chernozhukov2018plug,
  title={Plug-in regularized estimation of high-dimensional parameters in nonlinear semiparametric models},
  author={Chernozhukov, Victor and Nekipelov, Denis and Semenova, Vira and Syrgkanis, Vasilis},
  journal={arXiv:1806.04823},
  year={2018}
}

@article{diaz2013sensitivity,
  title={Sensitivity analysis for causal inference under unmeasured confounding and measurement error problems},
  author={D{\'\i}az, Iv{\'a}n and van der Laan, Mark J},
  journal={The International Journal of Biostatistics},
  volume={9},
  number={2},
  pages={149--160},
  year={2013},
  publisher={De Gruyter}
}

@article{neyman1979c,
  title={C ($\alpha$) tests and their use},
  author={Neyman, Jerzy},
  journal={Sankhy{\=a}: The Indian Journal of Statistics, Series A},
  pages={1--21},
  year={1979},
  publisher={JSTOR}
}

@article{robins2008estimation,
  title={Estimation and extrapolation of optimal treatment and testing strategies},
  author={Robins, James and Orellana, Liliana and Rotnitzky, Andrea},
  journal={Statistics in medicine},
  volume={27},
  number={23},
  pages={4678--4721},
  year={2008},
  publisher={Wiley Online Library}
}

@incollection{robins2008higher,
  title={Higher order influence functions and minimax estimation of nonlinear functionals},
  author={Robins, James and Li, Lingling and Tchetgen, Eric and van der Vaart, Aad and others},
  booktitle={Probability and Statistics: Essays in Honor of David A. Freedman},
  pages={335--421},
  year={2008},
  publisher={Institute of Mathematical Statistics}
}

@article{belloni2017program,
  title={Program evaluation and causal inference with high-dimensional data},
  author={Belloni, Alexandre and Chernozhukov, Victor and Fern{\'a}ndez-Val, Ivan and Hansen, Christian},
  journal={Econometrica},
  volume={85},
  number={1},
  pages={233--298},
  year={2017},
  publisher={Wiley Online Library}
}

@article{yang1999information,
  title={Information-theoretic determination of minimax rates of convergence},
  author={Yang, Yuhong and Barron, Andrew},
  journal={Annals of Statistics},
  pages={1564--1599},
  year={1999},
  publisher={JSTOR}
}

@article{rakhlin2017empirical,
  title={Empirical entropy, minimax regret and minimax risk},
  author={Rakhlin, Alexander and Sridharan, Karthik and Tsybakov, Alexandre B and others},
  journal={Bernoulli},
  volume={23},
  number={2},
  pages={789--824},
  year={2017},
  publisher={Bernoulli Society for Mathematical Statistics and Probability}
}

@article{scharfstein1999adjusting,
  title={Adjusting for nonignorable drop-out using semiparametric nonresponse models},
  author={Scharfstein, Daniel O and Rotnitzky, Andrea and Robins, James M},
  journal={Journal of the American Statistical Association},
  volume={94},
  number={448},
  pages={1096--1120},
  year={1999},
  publisher={Taylor \& Francis Group}
}

@inproceedings{hasminskii1979nonparametric,
  title={On the nonparametric estimation of functionals},
  author={Hasminskii, Rafail Z and Ibragimov, Ildar A},
  booktitle={Proceedings of the Second Prague Symposium on Asymptotic Statistics},
  year={1979}
}

@article{bickel1988estimating,
  title={Estimating integrated squared density derivatives: Sharp best order of convergence estimates},
  author={Bickel, Peter J and Ritov, Yaacov},
  journal={Sankhy{\=a}: The Indian Journal of Statistics, Series A},
  pages={381--393},
  year={1988}
}

@article{van1991differentiable,
  title={On differentiable functionals},
  author={van der Vaart, Aad},
  journal={The Annals of Statistics},
  volume={19},
  number={1},
  pages={178--204},
  year={1991}
}

@article{robins1995semiparametric,
  title={Semiparametric efficiency in multivariate regression models with missing data},
  author={Robins, James M and Rotnitzky, Andrea},
  journal={Journal of the American Statistical Association},
  volume={90},
  number={429},
  pages={122--129},
  year={1995}
}

@techreport{newey1998undersmoothing,
  title={Undersmoothing and bias corrected functional estimation},
  author={Newey, Whitney K and Hsieh, Fushing and Robins, James M},
  year={1998},
  institution={MIT Department of Economics}
}

@article{newey2004twicing,
  title={Twicing kernels and a small bias property of semiparametric estimators},
  author={Newey, Whitney K and Hsieh, Fushing and Robins, James M},
  journal={Econometrica},
  volume={72},
  number={3},
  pages={947--962},
  year={2004}
}

@article{robins2007comment,
  title={Comment on "Performance of double-robust estimators when inverse probability weights are highly variable"},
  author={Robins, James and Sued, Mariela and Lei-Gomez, Quanhong and Rotnitzky, Andrea},
  journal={Statistical Science},
  volume={22},
  number={4},
  pages={544--559},
  year={2007},
  publisher={JSTOR}
}


@article{newey2018cross,
  title={Cross-fitting and fast remainder rates for semiparametric estimation},
  author={Newey, Whitney K and Robins, James R},
  journal={arXiv:1801.09138},
  year={2018}
}

@article{hirshberg2018debiased,
  title={Debiased Inference of Average Partial Effects in Single-Index Models},
  author={Hirshberg, David A and Wager, Stefan},
  journal={arXiv:1811.02547},
  year={2018}
}

@article{hirshberg2019augmented,
  title={Augmented minimax linear estimation},
  author={Hirshberg, David A and Wager, Stefan},
  journal={arXiv:1712.00038v5},
  year={2019}
}

@article{rothenhausler2019incremental,
  title={Incremental causal effects},
  author={Rothenh{\"a}usler, Dominik and Yu, Bin},
  journal={arXiv:1907.13258},
  year={2019}
}

@article{van2006targeted,
  title={Targeted maximum likelihood learning},
  author={van der Laan, Mark J and Rubin, Daniel},
  journal={The International Journal of Biostatistics},
  volume={2},
  number={1},
  year={2006}
}

@techreport{toth2016tmle,
  title={{TMLE} for marginal structural models based on an instrument},
  author={Toth, B and van der Laan, MJ},
  year={2016},
  institution={UC Berkeley Division of Biostatistics}
}


@article{schick1986asymptotically,
  title={On asymptotically efficient estimation in semiparametric models},
  author={Schick, Anton},
  journal={The Annals of Statistics},
  volume={14},
  number={3},
  pages={1139--1151},
  year={1986}
}


@incollection{neyman1959,
  title={Optimal asymptotic tests of composite statistical hypotheses},
  author={Neyman, Jerzy},
  booktitle={Probability and Statistics},
  pages={416–444},
  year={1959},
  publisher={Wiley}
}

@article{belloni2014uniform,
  title={Uniform post-selection inference for least absolute deviation regression and other {Z}-estimation problems},
  author={Belloni, Alexandre and Chernozhukov, Victor and Kato, Kengo},
  journal={Biometrika},
  volume={102},
  number={1},
  pages={77--94},
  year={2014}
}

@article{belloni2014pivotal,
  title={Pivotal estimation via square-root lasso in nonparametric regression},
  author={Belloni, Alexandre and Chernozhukov, Victor and Wang, Lie},
  journal={The Annals of Statistics},
  volume={42},
  number={2},
  pages={757--788},
  year={2014},
  publisher={Institute of Mathematical Statistics}
}

@article{vanderweele2009marginal,
  title={Marginal structural models for the estimation of direct and indirect effects},
  author={VanderWeele, Tyler J},
  journal={Epidemiology},
  volume={20},
  number={1},
  pages={18--26},
  year={2009},
  publisher={LWW}
}

@article{lechner2009sequential,
  title={Sequential causal models for the evaluation of labor market programs},
  author={Lechner, Michael},
  journal={Journal of Business \& Economic Statistics},
  volume={27},
  number={1},
  pages={71--83},
  year={2009},
  publisher={Taylor \& Francis}
}

@article{robins1999estimation,
  title={Estimation of the causal effect of a time-varying exposure on the marginal mean of a repeated binary outcome},
  author={Robins, James M and Greenland, Sander and Hu, Fu-Chang},
  journal={Journal of the American Statistical Association},
  volume={94},
  number={447},
  pages={687--700},
  year={1999},
  publisher={Taylor \& Francis}
}

@article{schochet2008does,
  title={Does {J}ob {C}orps work? {I}mpact findings from the national {J}ob {C}orps study},
  author={Schochet, Peter Z and Burghardt, John and McConnell, Sheena},
  journal={American Economic Review},
  volume={98},
  number={5},
  pages={1864--86},
  year={2008}
}

@article{imai2015robust,
  title={Robust estimation of inverse probability weights for marginal structural models},
  author={Imai, Kosuke and Ratkovic, Marc},
  journal={Journal of the American Statistical Association},
  volume={110},
  number={511},
  pages={1013--1023},
  year={2015},
  publisher={Taylor \& Francis}
}

@article{van2012targeted,
  title={Targeted minimum loss based estimation of causal effects of multiple time point interventions},
  author={van der Laan, Mark J and Gruber, Susan},
  journal={The International Journal of Biostatistics},
  volume={8},
  number={1},
  year={2012},
  publisher={De Gruyter}
}

@incollection{robins2000marginal,
  title={Marginal structural models versus structural nested models as tools for causal inference},
  author={Robins, James M},
  booktitle={Statistical Models in Epidemiology, the Environment, and Clinical Trials},
  pages={95--133},
  year={2000},
  publisher={Springer}
}

@article{bodoryevaluating,
  title={Evaluating (weighted) dynamic treatment effects by double machine learning},
  author={Bodory, Hugo and Huber, Martin and Laff{\'e}rs, Luk{\'a}{\v{s}}},
  journal={arXiv:2012.00370},
  year={2020}
}

@article{ai2018unified,
  title={A Unified Framework for Efficient Estimation of General Treatment Models},
  author={Ai, Chunrong and Linton, Oliver and Motegi, Kaiji and Zhang, Zheng},
  journal={arXiv:1808.04936},
  year={2018}
}


@article{singh2021debiased,
  title={Debiased Kernel Methods},
  author={Singh, Rahul},
  journal={arXiv:2102.11076},
  year={2021}
}

@article{altonji2005cross,
  title={Cross section and panel data estimators for nonseparable models with endogenous regressors},
  author={Altonji, Joseph G and Matzkin, Rosa L},
  journal={Econometrica},
  volume={73},
  number={4},
  pages={1053--1102},
  year={2005},
  publisher={Wiley Online Library}
}

@book{edmunds2008function,
  title={Function Spaces, Entropy Numbers and Differential Operators},
  author={Edmunds, David E and Triebel, Hans},
  year={2008},
  publisher={Cambridge University Press}
}



@incollection{blundell2003endogeneity,
  title={Endogeneity in nonparametric and semiparametric regression models},
  author={Blundell, Richard and Powell, James L},
  booktitle={Advances in Economics and Econometrics},
  volume={36},
  pages={312--357},
  year={2003},
  publisher={Cambridge	University	Press}
}

@book{quinonero2009dataset,
  title={Dataset Shift in Machine Learning},
  author={Qui{\~n}onero-Candela, Joaquin and Sugiyama, Masashi and Lawrence, Neil D and Schwaighofer, Anton},
  year={2009},
  publisher={MIT Press}
}


@article{newey1997convergence,
  title={Convergence rates and asymptotic normality for series estimators},
  author={Newey, Whitney K},
  journal={Journal of Econometrics},
  volume={79},
  number={1},
  pages={147--168},
  year={1997},
  publisher={Elsevier}
}


@article{fukumizu2004dimensionality,
  title={Dimensionality reduction for supervised learning with reproducing kernel Hilbert spaces},
  author={Fukumizu, Kenji and Bach, Francis R and Jordan, Michael I},
  journal={Journal of Machine Learning Research},
  volume={5},
  number={Jan},
  pages={73--99},
  year={2004}
}


@inproceedings{scholkopf2001generalized,
  title={A generalized representer theorem},
  author={Sch{\"o}lkopf, Bernhard and Herbrich, Ralf and Smola, Alex J},
  booktitle={International conference on computational learning theory},
  pages={416--426},
  year={2001},
  organization={Springer}
}

@article{chernozhukov2021simple,
  title={A Simple and General Debiased Machine Learning Theorem with Finite Sample Guarantees},
  author={Chernozhukov, Victor and Newey, Whitney K and Singh, Rahul},
  journal={arXiv:2105.15197},
  year={2021}
}

@article{sutherland2017fixing,
  title={Fixing an error in {C}aponnetto and de {V}ito (2007)},
  author={Sutherland, Danica J},
  journal={arXiv:1702.02982},
  year={2017}
}


@inproceedings{kanagawa2014recovering,
  title={Recovering distributions from {G}aussian {RKHS} embeddings},
  author={Kanagawa, Motonobu and Fukumizu, Kenji},
  booktitle={Artificial Intelligence and Statistics},
  pages={457--465},
  year={2014}
}

@article{andrews1994asymptotics,
  title={Asymptotics for semiparametric econometric models via stochastic equicontinuity},
  author={Andrews, Donald WK},
  journal={Econometrica},
  pages={43--72},
  year={1994},
  publisher={JSTOR}
}

@article{andrews1991asymptotic,
  title={Asymptotic normality of series estimators for nonparametric and semiparametric regression models},
  author={Andrews, Donald WK},
  journal={Econometrica},
  pages={307--345},
  year={1991},
  publisher={JSTOR}
}

@article{chen2003estimation,
  title={Estimation of semiparametric models when the criterion function is not smooth},
  author={Chen, Xiaohong and Linton, Oliver and Van Keilegom, Ingrid},
  journal={Econometrica},
  volume={71},
  number={5},
  pages={1591--1608},
  year={2003},
  publisher={Wiley Online Library}
}

@article{singh2020kernel,
  title={Kernel methods for policy evaluation: Treatment effects, mediation analysis, and off-policy planning},
  author={Singh, Rahul and Xu, Liyuan and Gretton, Arthur},
  journal={arXiv:2010.04855},
  year={2020}
}

@book{kreyszig1978introductory,
  title={Introductory functional analysis with applications},
  author={Kreyszig, Erwin},
  year={1978},
  publisher={wiley New York}
}


@article{hirshberg2019minimax,
  title={Minimax linear estimation of the retargeted mean},
  author={Hirshberg, David A and Maleki, Arian and Zubizarreta, Jose R},
  journal={arXiv:1901.10296},
  year={2019}
}

@article{kallus2020generalized,
  title={Generalized optimal matching methods for causal inference},
  author={Kallus, Nathan},
  journal={Journal of Machine Learning Research},
  volume={21},
  pages={62--1},
  year={2020}
}

@article{wong2018kernel,
  title={Kernel-based covariate functional balancing for observational studies},
  author={Wong, Raymond KW and Chan, Kwun Chuen Gary},
  journal={Biometrika},
  volume={105},
  number={1},
  pages={199--213},
  year={2018},
  publisher={Oxford University Press}
}

@article{zhao2019covariate,
  title={Covariate balancing propensity score by tailored loss functions},
  author={Zhao, Qingyuan},
  journal={The Annals of Statistics},
  volume={47},
  number={2},
  pages={965--993},
  year={2019},
  publisher={Institute of Mathematical Statistics}
}

@article{craven1978smoothing,
  title={Smoothing Noisy Data with Spline Functions: Estimating the Correct Degree of Smoothing
by the Method of Generalized Cross-Validation},
  author={Craven, Peter and Wahba, Grace},
  journal={Numerische Mathematik},
  volume={31},
  number={4},
  pages={377--403},
  year={1978},
  publisher={Springer}
}

@article{golub1979generalized,
  title={Generalized cross-validation as a method for choosing a good ridge parameter},
  author={Golub, Gene H and Heath, Michael and Wahba, Grace},
  journal={Technometrics},
  volume={21},
  number={2},
  pages={215--223},
  year={1979},
  publisher={Taylor \& Francis}
}

@article{li1986asymptotic,
  title={Asymptotic optimality of {CL} and generalized cross-validation in ridge regression with application to spline smoothing},
  author={Li, Ker-Chau},
  journal={The Annals of Statistics},
  pages={1101--1112},
  year={1986},
  publisher={JSTOR}
}

@techreport{bar2013computational,
  title={Computational methods for partially identified models via data augmentation and support vector machines},
  author={Bar, Haim and Molinari, Francesca},
  year={2013},
  institution={Cornell University Working Paper}
}

@article{blundell2003nonparametric,
  title={Nonparametric {E}ngel curves and revealed preference},
  author={Blundell, Richard W and Browning, Martin and Crawford, Ian A},
  journal={Econometrica},
  volume={71},
  number={1},
  pages={205--240},
  year={2003},
  publisher={Wiley Online Library}
}

@inproceedings{steinwart2009optimal,
  title={Optimal Rates for Regularized Least Squares Regression.},
  author={Steinwart, Ingo and Hush, Don R and Scovel, Clint and others},
  booktitle={Conference on Learning Theory},
  pages={79--93},
  year={2009}
}

@inproceedings{talwai2022sobolev,
  title={Sobolev Norm Learning Rates for Conditional Mean Embeddings},
  author={Talwai, Prem and Shameli, Ali and Simchi-Levi, David},
  booktitle={International Conference on Artificial Intelligence and Statistics},
  pages={10422--10447},
  year={2022}
}

@article{park2020measure,
  title={A measure-theoretic approach to kernel conditional mean embeddings},
  author={Park, Junhyung and Muandet, Krikamol},
  journal={Advances in Neural Information Processing Systems},
  volume={33},
  pages={21247--21259},
  year={2020}
}

@article{micchelli2005learning,
  title={On learning vector-valued functions},
  author={Micchelli, Charles A and Pontil, Massimiliano},
  journal={Neural Computation},
  volume={17},
  number={1},
  pages={177--204},
  year={2005},
  publisher={MIT Press}
}

%%%%

@techreport{van2003unified,
  title={Unified cross-validation methodology for selection among estimators and a general cross-validated adaptive epsilon-net estimator: Finite sample oracle inequalities and examples},
  author={van der Laan, Mark J and Dudoit, Sandrine},
  year={2003},
  institution={UC Berkeley Division of Biostatistics}
} 

@article{diaz2013targeted,
  title={Targeted data adaptive estimation of the causal dose--response curve},
  author={D{\'\i}az, Iv{\'a}n and van der Laan, Mark J},
  journal={Journal of Causal Inference},
  volume={1},
  number={2},
  pages={171--192},
  year={2013},
  publisher={De Gruyter}
}


@techreport{rubin2005general,
  title={A general imputation methodology for nonparametric regression with censored data},
  author={Rubin, Dan and van der Laan, Mark J},
  year={2005},
  institution={UC Berkeley Division of Biostatistics}
} 



@article{luedtke2016super,
  title={Super-learning of an optimal dynamic treatment rule},
  author={Luedtke, Alexander R and van der Laan, Mark J},
  journal={The International Journal of Biostatistics},
  volume={12},
  number={1},
  pages={305--332},
  year={2016},
  publisher={De Gruyter}
}


@techreport{rubin2006extending,
  title={Extending marginal structural models through local, penalized, and additive learning},
  author={Rubin, Daniel and van der Laan, Mark J},
  year={2006},
  institution={UC Berkeley Division of Biostatistics}
} 


@article{wang2010nonparametric,
  title={Nonparametric regression with missing outcomes using weighted kernel estimating equations},
  author={Wang, Lu and Rotnitzky, Andrea and Lin, Xihong},
  journal={Journal of the American Statistical Association},
  volume={105},
  number={491},
  pages={1135--1146},
  year={2010},
  publisher={Taylor \& Francis}
}

@techreport{van2014targeted,
  title={Targeted learning of an optimal dynamic treatment, and statistical inference for its mean outcome},
  author={van der Laan, Mark J and Luedtke, Alexander R},
  year={2014},
  institution={UC Berkeley Division of Biostatistics}
} 


@article{kennedy2020optimal,
  title={Optimal doubly robust estimation of heterogeneous causal effects},
  author={Kennedy, Edward H},
  journal={arXiv:2004.14497},
  year={2020}
}


@article{galvao2015uniformly,
  title={Uniformly semiparametric efficient estimation of treatment effects with a continuous treatment},
  author={Galvao, Antonio F and Wang, Liang},
  journal={Journal of the American Statistical Association},
  volume={110},
  number={512},
  pages={1528--1542},
  year={2015},
  publisher={Taylor \& Francis}
}


@article{luedtke2016statistical,
  title={Statistical inference for the mean outcome under a possibly non-unique optimal treatment strategy},
  author={Luedtke, Alexander R and van der Laan, Mark J},
  journal={Annals of Statistics},
  volume={44},
  number={2},
  pages={713},
  year={2016}
}

@article{van2006statistical,
  title={Statistical inference for variable importance},
  author={van der Laan, Mark J},
  journal={The International Journal of Biostatistics},
  volume={2},
  number={1},
  year={2006},
  publisher={De Gruyter}
}

@article{imai2004causal,
  title={Causal inference with general treatment regimes: Generalizing the propensity score},
  author={Imai, Kosuke and Van Dyk, David A},
  journal={Journal of the American Statistical Association},
  volume={99},
  number={467},
  pages={854--866},
  year={2004},
  publisher={Taylor \& Francis}
}

@book{luenberger1997optimization,
  title={Optimization by Vector Space Methods},
  author={Luenberger, David G},
  year={1997},
  publisher={John Wiley \& Sons}
}

@article{li2022optimal,
  title={Optimal rates for regularized conditional mean embedding learning},
  author={Li, Zhu and Meunier, Dimitri and Mollenhauer, Mattes and Gretton, Arthur},
  journal={arXiv:2208.01711},
  year={2022}
}