@article{world2020covid,
  title={COVID-19 weekly epidemiological update},
  author={{World Health Organization}},
  year={2020},
  publisher={World Health Organization}
}

@article{Cornelio2021,
author = {Cornelio, Cristina and Donini, Michele and Loreggia, Andrea and Pini, Maria Silvia and Rossi, Francesca},
doi = {10.1007/s10458-021-09504-y},
issn = {1573-7454},
journal = {Autonomous Agents and Multi-Agent Systems},
number = {2},
pages = {22},
title = {{Voting with random classifiers (VORACE): theoretical and experimental analysis}},
url = {https://doi.org/10.1007/s10458-021-09504-y},
volume = {35},
year = {2021}
}


@article{van2020aerosol,
  title={Aerosol and surface stability of SARS-CoV-2 as compared with SARS-CoV-1},
  author={Van Doremalen, Neeltje and Bushmaker, Trenton and Morris, Dylan H and Holbrook, Myndi G and Gamble, Amandine and Williamson, Brandi N and Tamin, Azaibi and Harcourt, Jennifer L and Thornburg, Natalie J and Gerber, Susan I and others},
  journal={New England Journal of Medicine},
  volume={382},
  number={16},
  pages={1564--1567},
  year={2020},
  publisher={Mass Medical Soc}
}

@article{la2020coronavirus,
  title={Coronavirus in water environments: Occurrence, persistence and concentration methods-A scoping review},
  author={La Rosa, Giuseppina and Bonadonna, Lucia and Lucentini, Luca and Kenmoe, Sebastien and Suffredini, Elisabetta},
  journal={Water Research},
  pages={115899},
  year={2020},
  publisher={Elsevier}
}

@article{lavezzo2020suppression,
  title={Suppression of a SARS-CoV-2 outbreak in the Italian municipality of Vo’},
  author={Lavezzo, Enrico and Franchin, Elisa and Ciavarella, Constanze and Cuomo-Dannenburg, Gina and Barzon, Luisa and Del Vecchio, Claudia and Rossi, Lucia and Manganelli, Riccardo and Loregian, Arianna and Navarin, Nicol{\`o} and others},
  journal={Nature},
  volume={584},
  number={7821},
  pages={425--429},
  year={2020},
  publisher={Nature Publishing Group}
}

@misc{world2020director,
  title={WHO Director-General's opening remarks at the media briefing on COVID-19-11 March 2020},
  author={{World Health Organization}},
  year={2020}
}

@article{sloan2011impact,
  title={Impact of pollution, climate, and sociodemographic factors on spatiotemporal dynamics of seasonal respiratory viruses},
  author={Sloan, Chantel and Moore, Martin L and Hartert, Tina},
  journal={Clinical and translational science},
  volume={4},
  number={1},
  pages={48--54},
  year={2011},
  publisher={Wiley Online Library}
}

@article{moriyama2020seasonality,
  title={Seasonality of respiratory viral infections},
  author={Moriyama, Miyu and Hugentobler, Walter J and Iwasaki, Akiko},
  journal={Annual review of virology},
  volume={7},
  year={2020},
  publisher={Annual Reviews}
}

@article{ciencewicki2007air,
  title={Air pollution and respiratory viral infection},
  author={Ciencewicki, Jonathan and Jaspers, Ilona},
  journal={Inhalation toxicology},
  volume={19},
  number={14},
  pages={1135--1146},
  year={2007},
  publisher={Taylor \& Francis}
}

@article{xing2016impact,
  title={The impact of PM2. 5 on the human respiratory system},
  author={Xing, Yu-Fei and Xu, Yue-Hua and Shi, Min-Hua and Lian, Yi-Xin},
  journal={Journal of thoracic disease},
  volume={8},
  number={1},
  pages={E69},
  year={2016},
  publisher={AME Publications}
}

@misc{grigg2018air,
  title={Air pollution and respiratory infection: an emerging and troubling association},
  author={Grigg, Jonathan},
  year={2018},
  publisher={American Thoracic Society}
}

@article{setti2020evaluation,
  title={Evaluation of the potential relationship between particulate matter (PM) pollution and COVID-19 infection spread in Italy},
  author={Setti, Leonardo and Passarini, Fabrizio and de Gennaro, Gianluigi and Di Gilio, Alessia and Palmisani, Jolanda and Buono, Paolo and Fornari, Gianna and Perrone, Maria G and Piazzalunga, Andrea and Barbieri, Pierluigi and others},
  pages={1--6},
  year={2020}
}

@article{setti2020sars,
  title={SARS-Cov-2RNA Found on Particulate Matter of Bergamo in Northern Italy: First Evidence},
  author={Setti, Leonardo and Passarini, Fabrizio and De Gennaro, Gianluigi and Barbieri, Pierluigi and Perrone, Maria Grazia and Borelli, Massimo and Palmisani, Jolanda and Di Gilio, Alessia and Torboli, Valentina and Fontana, Francesco and others},
  journal={Environmental Research},
  pages={109754},
  year={2020},
  publisher={Elsevier}
}

@article{yongjian2020association,
  title={Association between short-term exposure to air pollution and COVID-19 infection: Evidence from China},
  author={Yongjian, Zhu and Jingu, Xie and Fengming, Huang and Liqing, Cao},
  journal={Science of the total environment},
  pages={138704},
  year={2020},
  publisher={Elsevier}
}

@article{murray2008virion,
  title={Virion disruption by ozone-mediated reactive oxygen species},
  author={Murray, Byron K and Ohmine, Seiga and Tomer, David P and Jensen, Kendal J and Johnson, F Brent and Kirsi, Jorma J and Robison, Richard A and O’Neill, Kim L},
  journal={Journal of virological methods},
  volume={153},
  number={1},
  pages={74--77},
  year={2008},
  publisher={Elsevier}
}

@article{hudson2009development,
  title={Development of a practical method for using ozone gas as a virus decontaminating agent},
  author={Hudson, James B and Sharma, Manju and Vimalanathan, Selvarani},
  journal={Ozone: science \& engineering},
  volume={31},
  number={3},
  pages={216--223},
  year={2009},
  publisher={Taylor \& Francis}
}

@article{tseng2008inactivation,
  title={Inactivation of surface viruses by gaseous ozone},
  author={Tseng, Chunchieh and Li, Chihshan},
  journal={Journal of environmental health},
  volume={70},
  number={10},
  pages={56--63},
  year={2008},
  publisher={JSTOR}
}

@article{zhang2004examination,
  title={Examination of the efficacy of ozone solution disinfectant in inactivating SARS virus},
  author={Zhang, Jia-min and ZHENG, Chong-yi and XIAO, Geng-fu and ZHOU, Yuan-quan and GAO, Rong},
  journal={Chinese Journal of Disinfection},
  volume={1},
  year={2004}
}

@article{magurano2020sars,
  title={SARS-CoV-2 infection: the environmental endurance of the virus can be influenced by the increase of temperature},
  author={Magurano, Fabio and Baggieri, Melissa and Marchi, Antonella and Rezza, Giovanni and Nicoletti, Loredana and Covid-19 Study Group and others},
  journal={medRxiv},
  year={2020},
  publisher={Cold Spring Harbor Laboratory Press}
}

@article{chin2020stability,
  title={Stability of SARS-CoV-2 in different environmental conditions},
  author={Chin, Alex WH and Chu, Julie TS and Perera, Mahen RA and Hui, Kenrie PY and Yen, Hui-Ling and Chan, Michael CW and others},
  journal={The Lancet Microbe},
  volume={1},
  number={1},
  pages={e10},
  year={2020},
  publisher={Elsevier}
}

@article{sobral2020association,
  title={Association between climate variables and global transmission of SARS-CoV-2},
  author={Sobral, Marcos Felipe Falc{\~a}o and Duarte, Gisleia Benini and da Penha Sobral, Ana Iza Gomes and Marinho, Marcelo Luiz Monteiro and de Souza Melo, Andr{\'e}},
  journal={Science of The Total Environment},
  volume={729},
  pages={138997},
  year={2020},
  publisher={Elsevier}
}

@article{wang2020high,
  title={High temperature and high humidity reduce the transmission of COVID-19},
  author={Wang, Jingyuan and Tang, Ke and Feng, Kai and Lv, Weifeng},
  journal={SSRN},
  year={2020}
}

@article{breiman2001random,
  title={Random forests},
  author={Breiman, Leo},
  journal={Machine learning},
  volume={45},
  number={1},
  pages={5--32},
  year={2001},
  publisher={Springer}
}

@incollection{FRANZESE2019706,
title = "Correlation Analysis",
booktitle = "Encyclopedia of Bioinformatics and Computational Biology",
publisher = "Academic Press",
address = "Oxford",
pages = "706 - 721",
year = "2019",
author = "Monica Franzese and Antonella Iuliano",
}

@book{shalev2014understanding,
  title={Understanding machine learning: From theory to algorithms},
  author={Shalev-Shwartz, Shai and Ben-David, Shai},
  year={2014},
  publisher={Cambridge university press}
}

@article{friedman2002stochastic,
  title={Stochastic gradient boosting},
  author={Friedman, Jerome H},
  journal={Computational statistics \& data analysis},
  volume={38},
  number={4},
  pages={367--378},
  year={2002},
  publisher={Elsevier}
}

@article{friedman2001greedy,
  title={Greedy function approximation: a gradient boosting machine},
  author={Friedman, Jerome H},
  journal={Annals of statistics},
  pages={1189--1232},
  year={2001},
  publisher={JSTOR}
}

@article{iss2020covid,
  title={COVID-19 epidemic: national update as of 20$^{th}$ October 2020},
  author={{Istituto Superiore di Sanità}},
  year={2020},
  publisher={Istituto Superiore di Sanità},
  url={https://www.epicentro.iss.it/coronavirus/bollettino/Bollettino-sorveglianza-integrata-COVID-19_20-ottobre-2020.pdf},
  note={accesed 25$^{th}$ October 2020}
}

@article{becchetti2020understanding,
  title={Understanding the heterogeneity of adverse COVID-19 outcomes: the role of poor quality of air and lockdown decisions},
  author={Becchetti, Leonardo and Conzo, Gianluigi and Conzo, Pierluigi and Salustri, Francesco},
  journal={SSRN 3572548},
  year={2020}
}

@misc{dpc2020covid,
  author = {DPC and others},
  title = {COVID-19 Monitoring daily update},
  year = {2020},
  publisher = {GitHub},
  journal = {GitHub repository},
  url = {https://github.com/pcm-dpc/COVID-19},
  note={accesed 3$^{rd}$ October 2020}
}

@misc{world2020air,
  author = {{World Air Quality Index Project}},
  title = {Air Quality Open Data Platform},
  year = {2020},
  publisher = {World Air Quality Index Project},
  url = {https://aqicn.org/data-platform/covid19/},
  note={accesed 3$^{rd}$ October 2020}
}

@article{vaishya2020artificial,
  title={Artificial Intelligence (AI) applications for COVID-19 pandemic},
  author={Vaishya, Raju and Javaid, Mohd and Khan, Ibrahim Haleem and Haleem, Abid},
  journal={Diabetes \& Metabolic Syndrome: Clinical Research \& Reviews},
  year={2020},
  publisher={Elsevier}
}
@article{jamshidi2020artificial,
  title={Artificial intelligence and COVID-19: deep learning approaches for diagnosis and treatment},
  author={Jamshidi, Mohammad and Lalbakhsh, Ali and Talla, Jakub and Peroutka, Zden{\v{e}}k and Hadjilooei, Farimah and Lalbakhsh, Pedram and Jamshidi, Morteza and La Spada, Luigi and Mirmozafari, Mirhamed and Dehghani, Mojgan and others},
  journal={IEEE Access},
  volume={8},
  pages={109581--109595},
  year={2020},
  publisher={IEEE}
}

@article{lalmuanawma2020applications,
  title={Applications of machine learning and artificial intelligence for Covid-19 (SARS-CoV-2) pandemic: A review},
  author={Lalmuanawma, Samuel and Hussain, Jamal and Chhakchhuak, Lalrinfela},
  journal={Chaos, Solitons \& Fractals},
  pages={110059},
  year={2020},
  publisher={Elsevier}
}

@article{Wang2020CORD19TC,
  title={CORD-19: The Covid-19 Open Research Dataset},
  author={Lucy Lu Wang and Kyle Lo and Yoganand Chandrasekhar and Russell Reas and Jiangjiang Yang and Darrin Eide and K. Funk and Rodney Michael Kinney and Ziyang Liu and W. Merrill and P. Mooney and D. Murdick and Devvret Rishi and Jerry Sheehan and Zhihong Shen and Brandon Brandon Stilson Stilson and Alex D Wade and Kuansan Wang and Christopher Wilhelm and Boya Xie and Douglas M. Raymond and Daniel S. Weld and Oren Etzioni and Sebastian Kohlmeier},
  journal={ArXiv},
  year={2020}
}

@article{derrick2004time,
  title={Time series analysis: the cross-correlation function},
  author={Derrick, Timothy R and Thomas, Joshua M},
  year={2004}
}

@article{lolli2020impact,
  title={Impact of meteorological conditions and air pollution on COVID-19 pandemic transmission in Italy},
  author={Lolli, Simone and Chen, Ying-Chieh and Wang, Sheng-Hsiang and Vivone, Gemine},
  journal={Scientific reports},
  volume={10},
  number={1},
  pages={1--15},
  year={2020},
  publisher={Nature Publishing Group}
}

@article{myers2004s,
  title={S pearman correlation coefficients, differences between},
  author={Myers, Leann and Sirois, Maria J},
  journal={Encyclopedia of statistical sciences},
  year={2004},
  publisher={Wiley Online Library}
}

@incollection{benesty2009pearson,
  title={Pearson correlation coefficient},
  author={Benesty, Jacob and Chen, Jingdong and Huang, Yiteng and Cohen, Israel},
  booktitle={Noise reduction in speech processing},
  pages={1--4},
  year={2009},
  publisher={Springer}
}