version https://git-lfs.github.com/spec/v1
oid sha256:7b1149d70fe12a5d51c0601d34625150b99190bf3de7a958b16d9856b2c01a96
size 22503
