@inproceedings{Perozzi2014DeepWalkOL,
  title={DeepWalk: online learning of social representations},
  author={Bryan Perozzi and Rami Al-Rfou and S. Skiena},
  booktitle={KDD '14},
  year={2014}
}

@article{Sen2008CollectiveCI,
  title={Collective Classification in Network Data},
  author={P. Sen and Galileo Namata and M. Bilgic and L. Getoor and B. Gallagher and Tina Eliassi-Rad},
  journal={AI Mag.},
  year={2008},
  volume={29},
  pages={93-106}
}

@article{Kipf2017SemiSupervisedCW,
  title={Semi-Supervised Classification with Graph Convolutional Networks},
  author={Thomas Kipf and M. Welling},
  journal={ArXiv},
  year={2017},
  volume={abs/1609.02907}
}

@article{Battaglia2018RelationalIB,
  title={Relational inductive biases, deep learning, and graph networks},
  author={P. Battaglia and Jessica B. Hamrick and V. Bapst and A. Sanchez-Gonzalez and V. Zambaldi and Mateusz Malinowski and Andrea Tacchetti and D. Raposo and Adam Santoro and R. Faulkner and Çaglar G{\"u}lçehre and H. Song and A. Ballard and J. Gilmer and G. Dahl and Ashish Vaswani and Kelsey R. Allen and C. Nash and V. Langston and Chris Dyer and N. Heess and Daan Wierstra and Pushmeet Kohli and M. Botvinick and Oriol Vinyals and Y. Li and R. Pascanu},
  journal={ArXiv},
  year={2018},
  volume={abs/1806.01261}
}

@article{Wu2020ACS,
  title={A Comprehensive Survey on Graph Neural Networks},
  author={Zonghan Wu and Shirui Pan and Fengwen Chen and G. Long and C. Zhang and P. Yu},
  journal={IEEE transactions on neural networks and learning systems},
  year={2020}
}

@article{Zhou2018GraphNN,
  title={Graph Neural Networks: A Review of Methods and Applications},
  author={Jie Zhou and Ganqu Cui and Zhengyan Zhang and Cheng Yang and Zhiyuan Liu and M. Sun},
  journal={ArXiv},
  year={2018},
  volume={abs/1812.08434}
}

@article{Zhang2018DeepLO,
  title={Deep Learning on Graphs: A Survey},
  author={Ziwei Zhang and P. Cui and Wenwu Zhu},
  journal={ArXiv},
  year={2018},
  volume={abs/1812.04202}
}

@inproceedings{Ma2019DisentangledGC,
  title={Disentangled Graph Convolutional Networks},
  author={Jianxin Ma and P. Cui and Kun Kuang and X. Wang and Wenwu Zhu},
  booktitle={ICML},
  year={2019}
}

@article{Li2018DeeperII,
  title={Deeper Insights into Graph Convolutional Networks for Semi-Supervised Learning},
  author={Qimai Li and Zhichao Han and Xiao-Ming Wu},
  journal={ArXiv},
  year={2018},
  volume={abs/1801.07606}
}

@inproceedings{Li2018AdaptiveGC,
  title={Adaptive Graph Convolutional Neural Networks},
  author={Ruoyu Li and S. Wang and Feiyun Zhu and J. Huang},
  booktitle={AAAI},
  year={2018}
}

@article{Zhuang2018DualGC,
  title={Dual Graph Convolutional Networks for Graph-Based Semi-Supervised Classification},
  author={Chenyi Zhuang and Q. Ma},
  journal={Proceedings of the 2018 World Wide Web Conference},
  year={2018}
}

@article{Velickovic2018GraphAN,
  title={Graph Attention Networks},
  author={Petar Velickovic and Guillem Cucurull and A. Casanova and A. Romero and P. Li{\`o} and Y. Bengio},
  journal={ArXiv},
  year={2018},
  volume={abs/1710.10903}
}

@inproceedings{Hamilton2017InductiveRL,
  title={Inductive Representation Learning on Large Graphs},
  author={William L. Hamilton and Zhitao Ying and J. Leskovec},
  booktitle={NIPS},
  year={2017}
}

@article{Chen2018FastGCNFL,
  title={FastGCN: Fast Learning with Graph Convolutional Networks via Importance Sampling},
  author={Jian Jhen Chen and Tengfei Ma and C. Xiao},
  journal={ArXiv},
  year={2018},
  volume={abs/1801.10247}
}

@inproceedings{Huang2018AdaptiveST,
  title={Adaptive Sampling Towards Fast Graph Representation Learning},
  author={Wen-bing Huang and Tong Zhang and Yu Rong and J. Huang},
  booktitle={NeurIPS},
  year={2018}
}

@article{Zeng2020GraphSAINTGS,
  title={GraphSAINT: Graph Sampling Based Inductive Learning Method},
  author={H. Zeng and Hongkuan Zhou and Ajitesh Srivastava and R. Kannan and V. Prasanna},
  journal={ArXiv},
  year={2020},
  volume={abs/1907.04931}
}

@article{Bengio2013RepresentationLA,
  title={Representation Learning: A Review and New Perspectives},
  author={Y. Bengio and A. Courville and P. Vincent},
  journal={IEEE Transactions on Pattern Analysis and Machine Intelligence},
  year={2013},
  volume={35},
  pages={1798-1828}
}

@article{Karaletsos2015BayesianRL,
  title={Bayesian representation learning with oracle constraints},
  author={Theofanis Karaletsos and S. Belongie and Gunnar R{\"a}tsch},
  journal={arXiv: Machine Learning},
  year={2015}
}

@article{Kulkarni2015DeepCI,
  title={Deep Convolutional Inverse Graphics Network},
  author={Tejas D. Kulkarni and William F. Whitney and Pushmeet Kohli and J. Tenenbaum},
  journal={ArXiv},
  year={2015},
  volume={abs/1503.03167}
}

@article{Narayanaswamy2017LearningDR,
  title={Learning Disentangled Representations with Semi-Supervised Deep Generative Models},
  author={S. Narayanaswamy and Brooks Paige and Jan-Willem van de Meent and Alban Desmaison and Noah D. Goodman and Pushmeet Kohli and F. Wood and P. Torr},
  journal={ArXiv},
  year={2017},
  volume={abs/1706.00400}
}

@inproceedings{Lopez2018InformationCO,
  title={Information Constraints on Auto-Encoding Variational Bayes},
  author={Romain Lopez and Jeffrey Regier and N. Yosef and Michael I. Jordan},
  booktitle={NeurIPS},
  year={2018}
}

@inproceedings{Higgins2017betaVAELB,
  title={beta-VAE: Learning Basic Visual Concepts with a Constrained Variational Framework},
  author={I. Higgins and Lo{\"i}c Matthey and A. Pal and C. Burgess and Xavier Glorot and M. Botvinick and S. Mohamed and Alexander Lerchner},
  booktitle={ICLR},
  year={2017}
}


@inproceedings{Chen2016InfoGANIR,
  title={InfoGAN: Interpretable Representation Learning by Information Maximizing Generative Adversarial Nets},
  author={Xi Chen and Yan Duan and Rein Houthooft and John Schulman and Ilya Sutskever and P. Abbeel},
  booktitle={NIPS},
  year={2016}
}

@article{Chen2017VariationalLA,
  title={Variational Lossy Autoencoder},
  author={Xi Chen and Diederik P. Kingma and Tim Salimans and Yan Duan and P. Dhariwal and John Schulman and Ilya Sutskever and P. Abbeel},
  journal={ArXiv},
  year={2017},
  volume={abs/1611.02731}
}

@article{Alemi2017DeepVI,
  title={Deep Variational Information Bottleneck},
  author={Alexander Amir Alemi and Ian S. Fischer and Joshua V. Dillon and Kevin Murphy},
  journal={ArXiv},
  year={2017},
  volume={abs/1612.00410}
}

@inproceedings{Liu2020IndependencePG,
  title={Independence Promoted Graph Disentangled Networks},
  author={Yanbei Liu and Xiao Wang and S. Wu and Zhitao Xiao},
  booktitle={AAAI},
  year={2020}
}

@inproceedings{Hu2020GraphNN,
  title={Graph Neural News Recommendation with Unsupervised Preference Disentanglement},
  author={Linmei Hu and S. Xu and Chen Li and Cheng Yang and Chuan Shi and N. Duan and X. Xie and M. Zhou},
  booktitle={ACL},
  year={2020}
}

@inproceedings{Wang2020MultiComponentGC,
  title={Multi-Component Graph Convolutional Collaborative Filtering},
  author={Xiao Wang and R. Wang and C. Shi and G. Song and Q. Li},
  booktitle={AAAI},
  year={2020}
}

@article{Wang2020DisentangledGC,
  title={Disentangled Graph Collaborative Filtering},
  author={Xiang Wang and Hongye Jin and A. Zhang and X. He and T. Xu and Tat-Seng Chua},
  journal={Proceedings of the 43rd International ACM SIGIR Conference on Research and Development in Information Retrieval},
  year={2020}
}



@article{Wan2018RethinkingFD,
  title={Rethinking Feature Distribution for Loss Functions in Image Classification},
  author={Weitao Wan and Yuanyi Zhong and Tianpeng Li and J. Chen},
  journal={2018 IEEE/CVF Conference on Computer Vision and Pattern Recognition},
  year={2018},
  pages={9117-9126}
}



@article{Kamnitsas2018SemiSupervisedLV,
  title={Semi-Supervised Learning via Compact Latent Space Clustering},
  author={K. Kamnitsas and Daniel Coelho de Castro and Lo{\"i}c Le Folgoc and I. Walker and Ryutaro Tanno and D. Rueckert and B. Glocker and A. Criminisi and A. Nori},
  journal={ArXiv},
  year={2018},
  volume={abs/1806.02679}
}

@article{Zheng2019DisentanglingLS,
  title={Disentangling Latent Space for VAE by Label Relevant/Irrelevant Dimensions},
  author={Zhilin Zheng and Li Sun},
  journal={2019 IEEE/CVF Conference on Computer Vision and Pattern Recognition (CVPR)},
  year={2019},
  pages={12184-12193}
}

@article{Zhang2018ManifoldAL,
  title={Manifold Adversarial Learning},
  author={Shufei Zhang and K. Huang and J. Zhu and Y. Liu},
  journal={ArXiv},
  year={2018},
  volume={abs/1807.05832}
}

@inproceedings{Wen2016ADF,
  title={A Discriminative Feature Learning Approach for Deep Face Recognition},
  author={Y. Wen and Kaipeng Zhang and Z. Li and Yu Qiao},
  booktitle={ECCV},
  year={2016}
}

@article{Sabour2017DynamicRB,
  title={Dynamic Routing Between Capsules},
  author={Sara Sabour and Nicholas Frosst and Geoffrey E. Hinton},
  journal={ArXiv},
  year={2017},
  volume={abs/1710.09829}
}


@inproceedings{Hinton2018MatrixCW,
  title={Matrix capsules with EM routing},
  author={Geoffrey E. Hinton and Sara Sabour and Nicholas Frosst},
  booktitle={ICLR},
  year={2018}
}

@article{Shchur2018PitfallsOG,
  title={Pitfalls of Graph Neural Network Evaluation},
  author={O. Shchur and Maximilian Mumme and Aleksandar Bojchevski and Stephan G{\"u}nnemann},
  journal={ArXiv},
  year={2018},
  volume={abs/1811.05868}
}

@article{Yang2016RevisitingSL,
  title={Revisiting Semi-Supervised Learning with Graph Embeddings},
  author={Z. Yang and W. Cohen and R. Salakhutdinov},
  journal={ArXiv},
  year={2016},
  volume={abs/1603.08861}
}


@article{Akiba2019OptunaAN,
  title={Optuna: A Next-generation Hyperparameter Optimization Framework},
  author={Takuya Akiba and Shotaro Sano and T. Yanase and Takeru Ohta and M. Koyama},
  journal={Proceedings of the 25th ACM SIGKDD International Conference on Knowledge Discovery \& Data Mining},
  year={2019}
}


@article{Maaten2008VisualizingDU,
  title={Visualizing Data using t-SNE},
  author={L. V. D. Maaten and Geoffrey E. Hinton},
  journal={Journal of Machine Learning Research},
  year={2008},
  volume={9},
  pages={2579-2605}
}


@article{Monti2017GeometricDL,
  title={Geometric Deep Learning on Graphs and Manifolds Using Mixture Model CNNs},
  author={Federico Monti and D. Boscaini and J. Masci and E. Rodol{\`a} and J. Svoboda and M. Bronstein},
  journal={2017 IEEE Conference on Computer Vision and Pattern Recognition (CVPR)},
  year={2017},
  pages={5425-5434}
}


@inproceedings{Ghahramani1996TheEA,
  title={The EM algorithm for mixtures of factor analyzers},
  author={Zoubin Ghahramani and Geoffrey E. Hinton},
  year={1996}
}


@article{Kingma2015AdamAM,
  title={Adam: A Method for Stochastic Optimization},
  author={Diederik P. Kingma and Jimmy Ba},
  journal={CoRR},
  year={2015},
  volume={abs/1412.6980}
}

@inproceedings{Xu2018RepresentationLO,
  title={Representation Learning on Graphs with Jumping Knowledge Networks},
  author={Keyulu Xu and C. Li and Yonglong Tian and Tomohiro Sonobe and K. Kawarabayashi and S. Jegelka},
  booktitle={ICML},
  year={2018}
}

@article{Ronning1989MaximumLE,
  title={Maximum likelihood estimation of dirichlet distributions},
  author={G. Ronning},
  journal={Journal of Statistical Computation and Simulation},
  year={1989},
  volume={32},
  pages={215-221}
}

@article{Xie2016DiversityLT,
  title={Diversity Leads to Generalization in Neural Networks},
  author={B. Xie and Yingyu Liang and L. Song},
  journal={ArXiv},
  year={2016},
  volume={abs/1611.03131}
}

@inproceedings{Xie2015DiversifyingRB,
  title={Diversifying Restricted Boltzmann Machine for Document Modeling},
  author={Pengtao Xie and Y. Deng and E. Xing},
  booktitle={KDD '15},
  year={2015}
}


@inproceedings{Zou2012PriorsFD,
  title={Priors for Diversity in Generative Latent Variable Models},
  author={James Y. Zou and R. Adams},
  booktitle={NIPS},
  year={2012}
}


@inproceedings{Xie2018DiversityPromotingAL,
  title={Diversity-Promoting and Large-Scale Machine Learning for Healthcare},
  author={Pengtao Xie},
  year={2018}
}

@article{Kulesza2012DeterminantalPP,
  title={Determinantal Point Processes for Machine Learning},
  author={A. Kulesza and B. Taskar},
  journal={Found. Trends Mach. Learn.},
  year={2012},
  volume={5},
  pages={123-286}
}

@inproceedings{Bernstein2005MatrixMT,
  title={Matrix Mathematics: Theory, Facts, and Formulas with Application to Linear Systems Theory},
  author={D. Bernstein},
  year={2005}
}

@article{Moon1996TheEA,
  title={The expectation-maximization algorithm},
  author={T. Moon},
  journal={IEEE Signal Processing Magazine},
  year={1996},
  volume={13},
  pages={47-60}
}

@article{bin2010learning,
  title={Learning with l1-graph for image analysis},
  author={Bin, Cheng and Jianchao, Yang and Shuicheng, Yan and Yun, Fu and Huang, TS},
  journal={IEEE Transactions on Image Processing},
  volume={19},
  number={4},
  pages={858--866},
  year={2010}
}

@article{tenenbaum2000global,
  title={A global geometric framework for nonlinear dimensionality reduction},
  author={Tenenbaum, Joshua B and De Silva, Vin and Langford, John C},
  journal={science},
  volume={290},
  number={5500},
  pages={2319--2323},
  year={2000},
  publisher={American Association for the Advancement of Science}
}

@article{bronstein2017geometric,
  title={Geometric deep learning: going beyond euclidean data},
  author={Bronstein, Michael M and Bruna, Joan and LeCun, Yann and Szlam, Arthur and Vandergheynst, Pierre},
  journal={IEEE Signal Processing Magazine},
  volume={34},
  number={4},
  pages={18--42},
  year={2017},
  publisher={IEEE}
}

@article{berry2016consistent,
  title={Consistent manifold representation for topological data analysis},
  author={Berry, Tyrus and Sauer, Timothy},
  journal={arXiv preprint arXiv:1606.02353},
  year={2016}
}

@article{Srivastava2014DropoutAS,
  title={Dropout: a simple way to prevent neural networks from overfitting},
  author={N. Srivastava and Geoffrey E. Hinton and A. Krizhevsky and Ilya Sutskever and R. Salakhutdinov},
  journal={J. Mach. Learn. Res.},
  year={2014},
  volume={15},
  pages={1929-1958}
}

@inproceedings{chen2020handling,
  title={Handling Information Loss of Graph Neural Networks for Session-based Recommendation},
  author={Chen, Tianwen and Wong, Raymond Chi-Wing},
  booktitle={Proceedings of the 26th ACM SIGKDD International Conference on Knowledge Discovery \& Data Mining},
  pages={1172--1180},
  year={2020}
}

@inproceedings{gilmer2017neural,
  title={Neural message passing for quantum chemistry},
  author={Gilmer, Justin and Schoenholz, Samuel S and Riley, Patrick F and Vinyals, Oriol and Dahl, George E},
  booktitle={International Conference on Machine Learning},
  pages={1263--1272},
  year={2017},
  organization={PMLR}
}

@article{de2000mahalanobis,
  title={The mahalanobis distance},
  author={De Maesschalck, Roy and Jouan-Rimbaud, Delphine and Massart, D{\'e}sir{\'e} L},
  journal={Chemometrics and intelligent laboratory systems},
  volume={50},
  number={1},
  pages={1--18},
  year={2000},
  publisher={Elsevier}
}
