version https://git-lfs.github.com/spec/v1
oid sha256:87cc66c2a8fbed161aae73ef44c908ddcc5e8f450e451f9ca2b27ea9433a8c22
size 44560
