
@article{lowe2004distinctive,
  title={Distinctive image features from scale-invariant keypoints},
  author={Lowe, David G},
  journal={International journal of computer vision},
  volume={60},
  number={2},
  pages={91--110},
  year={2004},
  publisher={Springer}
}

@book{sonka2014image,
  title={Image processing, analysis, and machine vision},
  author={Sonka, Milan and Hlavac, Vaclav and Boyle, Roger},
  year={2014},
  publisher={Cengage Learning}
}

@article{scikit-image,
 title = {scikit-image: image processing in {P}ython},
 author = {van der Walt, {S}t\'efan and {S}ch\"onberger, {J}ohannes {L}. and
           {Nunez-Iglesias}, {J}uan and {B}oulogne, {F}ran\c{c}ois and {W}arner,
           {J}oshua {D}. and {Y}ager, {N}eil and {G}ouillart, {E}mmanuelle and
           {Y}u, {T}ony and the scikit-image contributors},
 year = {2014},
 month = {6},
 keywords = {Image processing, Reproducible research, Education,
             Visualization, Open source, Python, Scientific programming},
 volume = {2},
 pages = {e453},
 journal = {PeerJ},
 issn = {2167-8359},
 url = {https://doi.org/10.7717/peerj.453},
 doi = {10.7717/peerj.453}
}

@inproceedings{he2016deep,
  title={Deep residual learning for image recognition},
  author={He, Kaiming and Zhang, Xiangyu and Ren, Shaoqing and Sun, Jian},
  booktitle={Proceedings of the IEEE conference on computer vision and pattern recognition},
  pages={770--778},
  year={2016}
}

@article{kobyzev2020normalizing,
  title={Normalizing flows: An introduction and review of current methods},
  author={Kobyzev, Ivan and Prince, Simon JD and Brubaker, Marcus A},
  journal={IEEE transactions on pattern analysis and machine intelligence},
  volume={43},
  number={11},
  pages={3964--3979},
  year={2020},
  publisher={IEEE}
}

@article{park2021large,
  title={Large-scale gravitational lens modeling with bayesian neural networks for accurate and precise inference of the hubble constant},
  author={Park, Ji Won and Wagner-Carena, Sebastian and Birrer, Simon and Marshall, Philip J and Lin, Joshua Yao-Yu and Roodman, Aaron and LSST Dark Energy Science Collaboration and others},
  journal={The Astrophysical Journal},
  volume={910},
  number={1},
  pages={39},
  year={2021},
  publisher={IOP Publishing}
}
@article{li2020new,
  title={New high-quality strong lens candidates with deep learning in the Kilo-Degree Survey},
  author={Li, R and Napolitano, NR and Tortora, C and Spiniello, C and Koopmans, LVE and Huang, Z and Roy, N and Vernardos, G and Chatterjee, S and Giblin, B and others},
  journal={The Astrophysical Journal},
  volume={899},
  number={1},
  pages={30},
  year={2020},
  publisher={IOP Publishing}
}

@article{lanusse2018cmu,
  title={CMU DeepLens: deep learning for automatic image-based galaxy--galaxy strong lens finding},
  author={Lanusse, Fran{\c{c}}ois and Ma, Quanbin and Li, Nan and Collett, Thomas E and Li, Chun-Liang and Ravanbakhsh, Siamak and Mandelbaum, Rachel and P{\'o}czos, Barnab{\'a}s},
  journal={Monthly Notices of the Royal Astronomical Society},
  volume={473},
  number={3},
  pages={3895--3906},
  year={2018},
  publisher={Oxford University Press}
}

@article{pearson2021strong,
  title={Strong lens modelling: comparing and combining Bayesian neural networks and parametric profile fitting},
  author={Pearson, James and Maresca, Jacob and Li, Nan and Dye, Simon},
  journal={Monthly Notices of the Royal Astronomical Society},
  volume={505},
  number={3},
  pages={4362--4382},
  year={2021},
  publisher={Oxford University Press}
}

@article{canameras2020holismokes,
  title={HOLISMOKES-II. Identifying galaxy-scale strong gravitational lenses in Pan-STARRS using convolutional neural networks},
  author={Ca{\~n}ameras, R and Schuldt, S and Suyu, SH and Taubenberger, S and Meinhardt, T and Leal-Taix{\'e}, L and Lemon, C and Rojas, K and Savary, E},
  journal={Astronomy \& Astrophysics},
  volume={644},
  pages={A163},
  year={2020},
  publisher={EDP Sciences}
}

@article{zaidi2020information,
  title={On the Information Bottleneck Problems: Models, Connections, Applications and Information Theoretic Views},
  author={Zaidi, Abdellatif and Estella-Aguerri, I{\~n}aki and others},
  journal={Entropy},
  volume={22},
  number={2},
  pages={151},
  year={2020},
  publisher={Multidisciplinary Digital Publishing Institute}
}

@ARTICLE{hsc3_jaelani,
       author = {{Jaelani}, Anton T. and {More}, Anupreeta and {Oguri}, Masamune and
         {Sonnenfeld}, Alessandro and {Suyu}, Sherry H. and {Rusu}, Cristian E. and
         {Wong}, Kenneth C. and {Chan}, James H.~H. and {Kayo}, Issha and
         {Lee}, Chien-Hsiu and {Chao}, Dani C. -Y. and {Coupon}, Jean and
         {Inoue}, Kaiki T. and {Futamase}, Toshifumi},
        title = "{Survey of Gravitationally lensed Objects in HSC Imaging (SuGOHI) - V. Group-to-cluster scale lens search from the HSC-SSP Survey}",
      journal = {\mnras},
     keywords = {gravitational lensing: strong, methods: observational, surveys, galaxies: clusters: general, Astrophysics - Astrophysics of Galaxies},
         year = 2020,
        month = apr,
       volume = {495},
       number = {1},
        pages = {1291-1310},
          doi = {10.1093/mnras/staa1062},
archivePrefix = {arXiv},
       eprint = {2002.01611},
 primaryClass = {astro-ph.GA},
       adsurl = {https://ui.adsabs.harvard.edu/abs/2020MNRAS.495.1291J},
      adsnote = {Provided by the SAO/NASA Astrophysics Data System}
}


@ARTICLE{hsc2_wong,
       author = {{Wong}, Kenneth C. and {Sonnenfeld}, Alessandro and {Chan}, James H.~H. and
         {Rusu}, Cristian E. and {Tanaka}, Masayuki and {Jaelani}, Anton T. and
         {Lee}, Chien-Hsiu and {More}, Anupreeta and {Oguri}, Masamune and
         {Suyu}, Sherry H. and {Komiyama}, Yutaka},
        title = "{Survey of Gravitationally Lensed Objects in HSC Imaging (SuGOHI). II. Environments and Line-of-Sight Structure of Strong Gravitational Lens Galaxies to z Ìƒ 0.8}",
      journal = {\apj},
     keywords = {gravitational lensing: strong, large-scale structure of universe, Astrophysics - Astrophysics of Galaxies},
         year = 2018,
        month = nov,
       volume = {867},
       number = {2},
          eid = {107},
        pages = {107},
          doi = {10.3847/1538-4357/aae381},
archivePrefix = {arXiv},
       eprint = {1809.07341},
 primaryClass = {astro-ph.GA},
       adsurl = {https://ui.adsabs.harvard.edu/abs/2018ApJ...867..107W},
      adsnote = {Provided by the SAO/NASA Astrophysics Data System}
}

@ARTICLE{warps2016,
       author = {{More}, Anupreeta and {Verma}, Aprajita and {Marshall}, Philip J. and {More}, Surhud and {Baeten}, Elisabeth and {Wilcox}, Julianne and {Macmillan}, Christine and {Cornen}, Claude and {Kapadia}, Amit and {Parrish}, Michael and {Snyder}, Chris and {Davis}, Christopher P. and {Gavazzi}, Raphael and {Lintott}, Chris J. and {Simpson}, Robert and {Miller}, David and {Smith}, Arfon M. and {Paget}, Edward and {Saha}, Prasenjit and {K{\"u}ng}, Rafael and {Collett}, Thomas E.},
        title = "{SPACE WARPS- II. New gravitational lens candidates from the CFHTLS discovered through citizen science}",
      journal = {\mnras},
     keywords = {gravitational lensing: strong, methods: statistical, Astrophysics - Cosmology and Nongalactic Astrophysics, Astrophysics - Astrophysics of Galaxies},
         year = 2016,
        month = jan,
       volume = {455},
       number = {2},
        pages = {1191-1210},
          doi = {10.1093/mnras/stv1965},
archivePrefix = {arXiv},
       eprint = {1504.05587},
 primaryClass = {astro-ph.CO},
       adsurl = {https://ui.adsabs.harvard.edu/abs/2016MNRAS.455.1191M},
      adsnote = {Provided by the SAO/NASA Astrophysics Data System}
}




@ARTICLE{hsc1_sonnenfeld,
       author = {{Sonnenfeld}, Alessandro and {Chan}, James H.~H. and {Shu}, Yiping and
         {More}, Anupreeta and {Oguri}, Masamune and {Suyu}, Sherry H. and
         {Wong}, Kenneth C. and {Lee}, Chien-Hsiu and {Coupon}, Jean and
         {Yonehara}, Atsunori and {Bolton}, Adam S. and {Jaelani}, Anton T. and
         {Tanaka}, Masayuki and {Miyazaki}, Satoshi and {Komiyama}, Yutaka},
        title = "{Survey of Gravitationally-lensed Objects in HSC Imaging (SuGOHI). I. Automatic search for galaxy-scale strong lenses}",
      journal = {\pasj},
     keywords = {galaxies: elliptical and lenticular, cD, gravitational lensing: strong, surveys, Astrophysics - Astrophysics of Galaxies},
         year = 2018,
        month = jan,
       volume = {70},
          eid = {S29},
        pages = {S29},
          doi = {10.1093/pasj/psx062},
archivePrefix = {arXiv},
       eprint = {1704.01585},
 primaryClass = {astro-ph.GA},
       adsurl = {https://ui.adsabs.harvard.edu/abs/2018PASJ...70S..29S},
      adsnote = {Provided by the SAO/NASA Astrophysics Data System}
}


@ARTICLE{Treu2010SLReview,
       author = {{Treu}, Tommaso},
        title = "{Strong Lensing by Galaxies}",
      journal = {\araa},
     keywords = {Astrophysics - Cosmology and Nongalactic Astrophysics},
         year = "2010",
        month = "Sep",
       volume = {48},
        pages = {87-125},
          doi = {10.1146/annurev-astro-081309-130924},
archivePrefix = {arXiv},
       eprint = {1003.5567},
 primaryClass = {astro-ph.CO},
       adsurl = {https://ui.adsabs.harvard.edu/abs/2010ARA&A..48...87T},
      adsnote = {Provided by the SAO/NASA Astrophysics Data System}
}

@inproceedings{chen2018isolating,
  title={Isolating Sources of Disentanglement in Variational Autoencoders},
  author={Chen, Tian Qi and Li, Xuechen and Grosse, Roger B and Duvenaud, David K},
  booktitle={Advances in Neural Information Processing Systems},
  pages={2610--2620},
  year={2018}
}
@ARTICLE{wen2018flip,
       author = {{Wen}, Yeming and {Vicol}, Paul and {Ba}, Jimmy and {Tran}, Dustin and
         {Grosse}, Roger},
        title = "{Flipout: Efficient Pseudo-Independent Weight Perturbations on Mini-Batches}",
      journal = {arXiv e-prints},
     keywords = {Computer Science - Machine Learning, Statistics - Machine Learning},
         year = "2018",
        month = "Mar",
          eid = {arXiv:1803.04386},
        pages = {arXiv:1803.04386},
archivePrefix = {arXiv},
       eprint = {1803.04386},
 primaryClass = {cs.LG},
       adsurl = {https://ui.adsabs.harvard.edu/abs/2018arXiv180304386W},
      adsnote = {Provided by the SAO/NASA Astrophysics Data System}
}


@article{paszke2017automatic,
  title={Automatic Differentiation in PyTorch},
  author={Paszke, Adam and Gross, Sam and Chintala, Soumith and Chanan, Gregory and Yang, Edward and DeVito, Zachary and Lin, Zeming and Desmaison, Alban and Antiga, Luca and Lerer, Adam},
  journal={NIPS 2017 Autodiff Workshop},
  year={2017}
}

@inproceedings{abadi2016tensorflow,
  title={{TensorFlow}: A system for large-scale machine learning},
  author={Abadi, Mart{\'\i}n and Barham, Paul and Chen, Jianmin and Chen, Zhifeng and Davis, Andy and Dean, Jeffrey and Devin, Matthieu and Ghemawat, Sanjay and Irving, Geoffrey and Isard, Michael and others},
  booktitle={12th $\{$USENIX$\}$ Symposium on Operating Systems Design and Implementation ($\{$OSDI$\}$ 16)},
  pages={265--283},
  year={2016}
}

@article{wen2018flipout,
  title={Flipout: Efficient pseudo-independent weight perturbations on mini-batches},
  author={Wen, Yeming and Vicol, Paul and Ba, Jimmy and Tran, Dustin and Grosse, Roger},
  journal={arXiv preprint arXiv:1803.04386},
  year={2018}
}

@inproceedings{kendall2017uncertainties,
  title={What uncertainties do we need in {B}ayesian deep learning for computer vision?},
  author={Kendall, Alex and Gal, Yarin},
  booktitle={Advances in neural information processing systems},
  pages={5574--5584},
  year={2017}
}

@inproceedings{gal2016dropout,
  title={Dropout as a {B}ayesian approximation: Representing model uncertainty in deep learning},
  author={Gal, Yarin and Ghahramani, Zoubin},
  booktitle={international conference on machine learning},
  pages={1050--1059},
  year={2016}
}

@article{tishby2000information,
  title={The information bottleneck method},
  author={Tishby, Naftali and Pereira, Fernando C and Bialek, William},
  journal={arXiv preprint physics/0004057},
  year={2000}
}

@article{alemi2017VIB,
  title={Deep variational information bottleneck},
  author={Alemi, Alexander A and Fischer, Ian and Dillon, Joshua V and Murphy, Kevin},
  journal={arXiv preprint arXiv:1612.00410},
  year={2016}
}

@article{achille2018emergence,
  title={Emergence of invariance and disentanglement in deep representations},
  author={Achille, Alessandro and Soatto, Stefano},
  journal={The Journal of Machine Learning Research},
  volume={19},
  number={1},
  pages={1947--1980},
  year={2018},
  publisher={JMLR. org}
}

@article{alemi2018uncertainty,
  title={Uncertainty in the variational information bottleneck},
  author={Alemi, Alexander A and Fischer, Ian and Dillon, Joshua V},
  journal={arXiv preprint arXiv:1807.00906},
  year={2018}
}

@article{kingma2013auto,
  title={Auto-encoding variational {B}ayes},
  author={Kingma, Diederik P and Welling, Max},
  journal={arXiv preprint arXiv:1312.6114},
  year={2013}
}

@ARTICLE{Morningstar2019,
       author = {{Morningstar}, Warren R. and {Perreault Levasseur}, Laurence and
         {Hezaveh}, Yashar D. and {Blandford}, Roger and {Marshall}, Phil and
         {Putzky}, Patrick and {Rueter}, Thomas D. and {Wechsler}, Risa and
         {Welling}, Max},
        title = "{Data-driven Reconstruction of Gravitationally Lensed Galaxies Using Recurrent Inference Machines}",
      journal = {\apj},
     keywords = {Convolutional neural networks, Strong gravitational lensing, Neural networks, Astrophysics - Instrumentation and Methods for Astrophysics, Astrophysics - Cosmology and Nongalactic Astrophysics, Astrophysics - Astrophysics of Galaxies},
         year = "2019",
        month = "Sep",
       volume = {883},
       number = {1},
          eid = {14},
        pages = {14},
          doi = {10.3847/1538-4357/ab35d7},
archivePrefix = {arXiv},
       eprint = {1901.01359},
 primaryClass = {astro-ph.IM},
       adsurl = {https://ui.adsabs.harvard.edu/abs/2019ApJ...883...14M},
      adsnote = {Provided by the SAO/NASA Astrophysics Data System}
}



@ARTICLE{Perreault-Levasseur2017,
   author = {{Perreault Levasseur}, L. and {Hezaveh}, Y.~D. and {Wechsler}, R.~H.
	},
    title = "{Uncertainties in Parameters Estimated with Neural Networks: Application to Strong Gravitational Lensing}",
  journal = {\apjl},
archivePrefix = "arXiv",
   eprint = {1708.08843},
 keywords = {gravitational lensing: strong, methods: data analysis, methods: statistical},
     year = 2017,
    month = nov,
   volume = 850,
      eid = {L7},
    pages = {L7},
      doi = {10.3847/2041-8213/aa9704},
   adsurl = {https://ui.adsabs.harvard.edu/abs/2017ApJ...850L...7P},
  adsnote = {Provided by the SAO/NASA Astrophysics Data System}
}



@ARTICLE{Morningstar2018,
       author = {{Morningstar}, Warren R. and {Hezaveh}, Yashar D. and
         {Perreault Levasseur}, Laurence and {Blandford}, Roger D. and
         {Marshall}, Philip J. and {Putzky}, Patrick and {Wechsler}, Risa H.},
        title = "{Analyzing interferometric observations of strong gravitational lenses with recurrent and convolutional neural networks}",
      journal = {arXiv e-prints},
     keywords = {Astrophysics - Instrumentation and Methods for Astrophysics, Astrophysics - Cosmology and Nongalactic Astrophysics},
         year = "2018",
        month = "Jul",
          eid = {arXiv:1808.00011},
        pages = {arXiv:1808.00011},
archivePrefix = {arXiv},
       eprint = {1808.00011},
 primaryClass = {astro-ph.IM},
       adsurl = {https://ui.adsabs.harvard.edu/abs/2018arXiv180800011M},
      adsnote = {Provided by the SAO/NASA Astrophysics Data System}
}

@article{mustafa2019cosmogan,
  title={{CosmoGAN}: creating high-fidelity weak lensing convergence maps using Generative Adversarial Networks},
  author={Mustafa, Mustafa and Bard, Deborah and Bhimji, Wahid and Luki{\'c}, Zarija and Al-Rfou, Rami and Kratochvil, Jan M},
  journal={Computational Astrophysics and Cosmology},
  volume={6},
  number={1},
  pages={1},
  year={2019},
  publisher={SpringerOpen}
}


@ARTICLE{Petrillo2017,
       author = {{Petrillo}, C.~E. and {Tortora}, C. and {Chatterjee}, S. and
         {Vernardos}, G. and {Koopmans}, L.~V.~E. and {Verdoes Kleijn}, G. and
         {Napolitano}, N.~R. and {Covone}, G. and {Schneider}, P. and
         {Grado}, A. and {McFarland}, J.},
        title = "{Finding strong gravitational lenses in the {Kilo Degree Survey} with Convolutional Neural Networks}",
      journal = {\mnras},
     keywords = {gravitational lensing: strong, methods: data analysis, methods: statistical, surveys, galaxies: elliptical and lenticular, cD, Astrophysics - Astrophysics of Galaxies},
         year = "2017",
        month = "Nov",
       volume = {472},
       number = {1},
        pages = {1129-1150},
          doi = {10.1093/mnras/stx2052},
archivePrefix = {arXiv},
       eprint = {1702.07675},
 primaryClass = {astro-ph.GA},
       adsurl = {https://ui.adsabs.harvard.edu/abs/2017MNRAS.472.1129P},
      adsnote = {Provided by the SAO/NASA Astrophysics Data System}
}


@article{gal2015dropout,
  title={Dropout as a {B}ayesian approximation},
  author={Gal, Yarin and Ghahramani, Zoubin},
  journal={arXiv preprint arXiv:1506.02157},
  year={2015}
}


@ARTICLE{Ravanbakhsh2016,
       author = {{Ravanbakhsh}, Siamak and {Lanusse}, Francois and {Mandelbaum}, Rachel and
         {Schneider}, Jeff and {Poczos}, Barnabas},
        title = "{Enabling Dark Energy Science with Deep Generative Models of Galaxy Images}",
      journal = {arXiv e-prints},
     keywords = {Astrophysics - Instrumentation and Methods for Astrophysics, Astrophysics - Cosmology and Nongalactic Astrophysics, Computer Science - Artificial Intelligence, Statistics - Machine Learning},
         year = "2016",
        month = "Sep",
          eid = {arXiv:1609.05796},
        pages = {arXiv:1609.05796},
archivePrefix = {arXiv},
       eprint = {1609.05796},
 primaryClass = {astro-ph.IM},
       adsurl = {https://ui.adsabs.harvard.edu/abs/2016arXiv160905796R},
      adsnote = {Provided by the SAO/NASA Astrophysics Data System}
}


@ARTICLE{Hezaveh2017,
       author = {{Hezaveh}, Yashar D. and {Perreault Levasseur}, Laurence and
         {Marshall}, Philip J.},
        title = "{Fast automated analysis of strong gravitational lenses with convolutional neural networks}",
      journal = {\nat},
     keywords = {Astrophysics - Instrumentation and Methods for Astrophysics, Astrophysics - Cosmology and Nongalactic Astrophysics},
         year = "2017",
        month = "Aug",
       volume = {548},
       number = {7669},
        pages = {555-557},
          doi = {10.1038/nature23463},
archivePrefix = {arXiv},
       eprint = {1708.08842},
 primaryClass = {astro-ph.IM},
       adsurl = {https://ui.adsabs.harvard.edu/abs/2017Natur.548..555H},
      adsnote = {Provided by the SAO/NASA Astrophysics Data System}
}



@article{he2019learning,
  title={Learning to predict the cosmological structure formation},
  author={He, Siyu and Li, Yin and Feng, Yu and Ho, Shirley and Ravanbakhsh, Siamak and Chen, Wei and P{\'o}czos, Barnab{\'a}s},
  journal={Proceedings of the National Academy of Sciences},
  pages={201821458},
  year={2019},
  publisher={National Acad Sciences}
}

@article{he2020deep,
  title={Deep learning for strong lensing search: tests of the convolutional neural networks and new candidates from KiDS DR3},
  author={He, Zizhao and Er, Xinzhong and Long, Qian and Liu, Dezi and Liu, Xiangkun and Li, Ziwei and Liu, Yun and Deng, Wenqaing and Fan, Zuhui},
  journal={Monthly Notices of the Royal Astronomical Society},
  volume={497},
  number={1},
  pages={556--571},
  year={2020},
  publisher={Oxford University Press}
}

@article{levasseur2017,
  title={Uncertainties in Parameters Estimated with Neural Networks: Application to Strong Gravitational Lensing},
  author={Levasseur, Laurence Perreault and Hezaveh, Yashar D and Wechsler, Risa H},
  journal={arXiv preprint arXiv:1708.08843},
  year={2017}
}

@article{anwar2019deep,
  title={A Deep Journey into Super-resolution: A survey},
  author={Anwar, Saeed and Khan, Salman and Barnes, Nick},
  journal={arXiv preprint arXiv:1904.07523},
  year={2019}
}

@inproceedings{lim2017enhanced,
  title={Enhanced deep residual networks for single image super-resolution},
  author={Lim, Bee and Son, Sanghyun and Kim, Heewon and Nah, Seungjun and Mu Lee, Kyoung},
  booktitle={Proceedings of the IEEE Conference on Computer Vision and Pattern Recognition Workshops},
  pages={136--144},
  year={2017}
}

@inproceedings{zhang2018residual,
  title={Residual dense network for image super-resolution},
  author={Zhang, Yulun and Tian, Yapeng and Kong, Yu and Zhong, Bineng and Fu, Yun},
  booktitle={Proceedings of the IEEE Conference on Computer Vision and Pattern Recognition},
  pages={2472--2481},
  year={2018}
}
@inproceedings{szegedy2017inception,
  title={Inception-v4, {Inception-ResNet} and the impact of residual connections on learning.},
  author={Szegedy, Christian and Ioffe, Sergey and Vanhoucke, Vincent and Alemi, Alexander A},
  booktitle={AAAI},
  volume={4},
  pages={12},
  year={2017}
}

# references from NAN LI

@ARTICLE{Metcalf2019,
   author = {{Metcalf}, R.~B. and others
	},
    title = "{The strong gravitational lens finding challenge}",
  journal = {\aap},
archivePrefix = "arXiv",
   eprint = {1802.03609},
 keywords = {gravitational lensing: strong, methods: data analysis},
     year = 2019,
    month = may,
   volume = 625,
      eid = {A119},
    pages = {A119},
      doi = {10.1051/0004-6361/201832797},
   adsurl = {https://ui.adsabs.harvard.edu/abs/2019A%26A...625A.119M},
  adsnote = {Provided by the SAO/NASA Astrophysics Data System}
}

@ARTICLE{Ramachandra2021,
       author = {{Ramachandra}, Nesar and {Chaves-Montero}, Jon{\'a}s and {Alarcon}, Alex and {Fadikar}, Arindam and {Habib}, Salman and {Heitmann}, Katrin},
        title = "{Machine learning synthetic spectra for probabilistic redshift estimation: SYTH-Z}",
      journal = {arXiv e-prints},
     keywords = {Astrophysics - Cosmology and Nongalactic Astrophysics, Astrophysics - Instrumentation and Methods for Astrophysics},
         year = 2021,
        month = nov,
          eid = {arXiv:2111.12118},
        pages = {arXiv:2111.12118},
archivePrefix = {arXiv},
       eprint = {2111.12118},
 primaryClass = {astro-ph.CO},
       adsurl = {https://ui.adsabs.harvard.edu/abs/2021arXiv211112118R},
      adsnote = {Provided by the SAO/NASA Astrophysics Data System}
}




@ARTICLE{des_lens,
       author = {{Jacobs}, C. and {Collett}, T. and {Glazebrook}, K. and {McCarthy}, C. and {Qin}, A.~K. and {Abbott}, T.~M.~C. and {Abdalla}, F.~B. and {Annis}, J. and {Avila}, S. and {Bechtol}, K. and {Bertin}, E. and {Brooks}, D. and {Buckley-Geer}, E. and {Burke}, D.~L. and {Carnero Rosell}, A. and {Carrasco Kind}, M. and {Carretero}, J. and {da Costa}, L.~N. and {Davis}, C. and {De Vicente}, J. and {Desai}, S. and {Diehl}, H.~T. and {Doel}, P. and {Eifler}, T.~F. and {Flaugher}, B. and {Frieman}, J. and {Garc{\'\i}a-Bellido}, J. and {Gaztanaga}, E. and {Gerdes}, D.~W. and {Goldstein}, D.~A. and {Gruen}, D. and {Gruendl}, R.~A. and {Gschwend}, J. and {Gutierrez}, G. and {Hartley}, W.~G. and {Hollowood}, D.~L. and {Honscheid}, K. and {Hoyle}, B. and {James}, D.~J. and {Kuehn}, K. and {Kuropatkin}, N. and {Lahav}, O. and {Li}, T.~S. and {Lima}, M. and {Lin}, H. and {Maia}, M.~A.~G. and {Martini}, P. and {Miller}, C.~J. and {Miquel}, R. and {Nord}, B. and {Plazas}, A.~A. and {Sanchez}, E. and {Scarpine}, V. and {Schubnell}, M. and {Serrano}, S. and {Sevilla-Noarbe}, I. and {Smith}, M. and {Soares-Santos}, M. and {Sobreira}, F. and {Suchyta}, E. and {Swanson}, M.~E.~C. and {Tarle}, G. and {Vikram}, V. and {Walker}, A.~R. and {Zhang}, Y. and {Zuntz}, J. and {DES Collaboration}},
        title = "{Finding high-redshift strong lenses in DES using convolutional neural networks}",
      journal = {\mnras},
     keywords = {gravitational lensing: strong, methods: statistical, Astrophysics - Astrophysics of Galaxies, Astrophysics - Instrumentation and Methods for Astrophysics},
         year = 2019,
        month = apr,
       volume = {484},
       number = {4},
        pages = {5330-5349},
          doi = {10.1093/mnras/stz272},
archivePrefix = {arXiv},
       eprint = {1811.03786},
 primaryClass = {astro-ph.GA},
       adsurl = {https://ui.adsabs.harvard.edu/abs/2019MNRAS.484.5330J},
      adsnote = {Provided by the SAO/NASA Astrophysics Data System}
}



@ARTICLE{Metcalf2019_old,
   author = {{Metcalf}, R.~B. and {Meneghetti}, M. and {Avestruz}, C. and 
	{Bellagamba}, F. and {Bom}, C.~R. and {Bertin}, E. and {Cabanac}, R. and 
	{Courbin}, F. and {Davies}, A. and {Decenci{\`e}re}, E. and 
	{Flamary}, R. and {Gavazzi}, R. and {Geiger}, M. and {Hartley}, P. and 
	{Huertas-Company}, M. and {Jackson}, N. and {Jacobs}, C. and 
	{Jullo}, E. and {Kneib}, J.-P. and {Koopmans}, L.~V.~E. and 
	{Lanusse}, F. and {Li}, C.-L. and {Ma}, Q. and {Makler}, M. and 
	{Li}, N. and {Lightman}, M. and {Petrillo}, C.~E. and {Serjeant}, S. and 
	{Sch{\"a}fer}, C. and {Sonnenfeld}, A. and {Tagore}, A. and 
	{Tortora}, C. and {Tuccillo}, D. and {Valent{\'{\i}}n}, M.~B. and 
	{Velasco-Forero}, S. and {Verdoes Kleijn}, G.~A. and {Vernardos}, G.
	},
    title = "{The strong gravitational lens finding challenge}",
  journal = {\aap},
archivePrefix = "arXiv",
   eprint = {1802.03609},
 keywords = {gravitational lensing: strong, methods: data analysis},
     year = 2019,
    month = may,
   volume = 625,
      eid = {A119},
    pages = {A119},
      doi = {10.1051/0004-6361/201832797},
   adsurl = {https://ui.adsabs.harvard.edu/abs/2019A%26A...625A.119M},
  adsnote = {Provided by the SAO/NASA Astrophysics Data System}
}

@ARTICLE{Dieleman2015,
  author = {{Dieleman}, S. and {Willett}, K.~W. and {Dambre}, J.},
	title = "{Rotation-invariant convolutional neural networks for galaxy morphology prediction}",
  journal = {\mnras},
archivePrefix = "arXiv",
  eprint = {1503.07077},
 primaryClass = "astro-ph.IM",
 keywords = {methods: data analysis, techniques: image processing, catalogues, galaxies: general},
	 year = 2015,
	month = jun,
  volume = 450,
	pages = {1441-1459},
	  doi = {10.1093/mnras/stv632},
  adsurl = {http://ukads.nottingham.ac.uk/abs/2015MNRAS.450.1441D},
  adsnote = {Provided by the SAO/NASA Astrophysics Data System}
}

@ARTICLE{Huertas-Company2015_1,
  author = {{Huertas-Company}, M. and {Gravet}, R. and {Cabrera-Vives}, G. and 
	{P{\'e}rez-Gonz{\'a}lez}, P.~G. and {Kartaltepe}, J.~S. and 
	{Barro}, G. and {Bernardi}, M. and {Mei}, S. and {Shankar}, F. and 
	{Dimauro}, P. and {Bell}, E.~F. and {Kocevski}, D. and {Koo}, D.~C. and 
	{Faber}, S.~M. and {Mcintosh}, D.~H.},
	title = "{A Catalog of Visual-like Morphologies in the 5 {CANDLES} Fields Using Deep Learning}",
  journal = {\apjs},
archivePrefix = "arXiv",
  eprint = {1509.05429},
 keywords = {catalogs, galaxies: high-redshift, galaxies: structure, surveys},
	 year = 2015,
	month = nov,
  volume = 221,
	  eid = {8},
	pages = {8},
	  doi = {10.1088/0067-0049/221/1/8},
  adsurl = {https://ui.adsabs.harvard.edu/abs/2015ApJS..221....8H},
  adsnote = {Provided by the SAO/NASA Astrophysics Data System}
}

@ARTICLE{Huertas-Company2015_2,
  author = {{Huertas-Company}, M. and {Gravet}, R. and {Cabrera-Vives}, G. and 
	{P{\'e}rez-Gonz{\'a}lez}, P.~G. and {Kartaltepe}, J.~S. and 
	{Barro}, G. and {Bernardi}, M. and {Mei}, S. and {Shankar}, F. and 
	{Dimauro}, P. and {Bell}, E.~F. and {Kocevski}, D. and {Koo}, D.~C. and 
	{Faber}, S.~M. and {Mcintosh}, D.~H.},
	title = "{A Catalog of Visual-like Morphologies in the 5 {CANDLES} Fields Using Deep Learning}",
  journal = {\apjs},
archivePrefix = "arXiv",
  eprint = {1509.05429},
 keywords = {catalogs, galaxies: high-redshift, galaxies: structure, surveys},
	 year = 2015,
	month = nov,
  volume = 221,
	  eid = {8},
	pages = {8},
	  doi = {10.1088/0067-0049/221/1/8},
  adsurl = {https://ui.adsabs.harvard.edu/abs/2015ApJS..221....8H},
  adsnote = {Provided by the SAO/NASA Astrophysics Data System}
}

@ARTICLE{Domnguez2018,
  author = {{Dom{\'{\i}}nguez S{\'a}nchez}, H. and {Huertas-Company}, M. and 
	{Bernardi}, M. and {Tuccillo}, D. and {Fischer}, J.~L.},
	title = "{Improving galaxy morphologies for {SDSS} with Deep Learning}",
  journal = {\mnras},
archivePrefix = "arXiv",
  eprint = {1711.05744},
 keywords = {methods: observational, catalogues, galaxies: structure},
	 year = 2018,
	month = May,
  volume = 476,
	pages = {3661-3676},
	  doi = {10.1093/mnras/sty338},
  adsurl = {https://ui.adsabs.harvard.edu/abs/2018MNRAS.476.3661D},
  adsnote = {Provided by the SAO/NASA Astrophysics Data System}
}

@ARTICLE{Cheng2019,
	  author = {{Cheng}, Ting-Yun and {Conselice}, C.~J. and {Ara{\'g}on-Salamanca}, A. and {Li}, Nan and {Bluck}, A.~F.~L. and {Hartley}, W.~G. and {Annis}, J. and {Brooks} D. and {Doel}, P. and {Garc\'ia-Bellido}, J. and {James}, D.~J. and {Kuehn}, K. and {Kuropatkin}, N. and {Smith}, M. and {Sobreira}, F. and {Tarle}, G.},
		title = "{Optimising Automatic Morphological Classification of Galaxies with Machine Learning and Deep Learning using Dark Energy Survey Imaging}",
		journal = {\mnras},
		volume = {submitted},
		year = 2019
}

@ARTICLE{Cavuoti2017,
  author = {{Cavuoti}, S. and {Amaro}, V. and {Brescia}, M. and {Vellucci}, C. and 
	{Tortora}, C. and {Longo}, G.},
	title = "{METAPHOR: a machine-learning-based method for the probability density estimation of photometric redshifts}",
  journal = {\mnras},
archivePrefix = "arXiv",
  eprint = {1611.02162},
 primaryClass = "astro-ph.IM",
 keywords = {techniques: photometric, galaxies: distances and redshifts, galaxies: photometry},
	 year = 2017,
	month = feb,
  volume = 465,
	pages = {1959-1973},
	  doi = {10.1093/mnras/stw2930},
  adsurl = {http://ukads.nottingham.ac.uk/abs/2017MNRAS.465.1959C},
  adsnote = {Provided by the SAO/NASA Astrophysics Data System}
}

@ARTICLE{Sadeh2016,
  author = {{Sadeh}, I. and {Abdalla}, F.~B. and {Lahav}, O.},
	title = "{ANNz2: Photometric Redshift and Probability Distribution Function Estimation using Machine Learning}",
  journal = {\pasp},
archivePrefix = "arXiv",
  eprint = {1507.00490},
	 year = 2016,
	month = oct,
  volume = 128,
  number = 10,
	pages = {104502},
	  doi = {10.1088/1538-3873/128/968/104502},
  adsurl = {http://ukads.nottingham.ac.uk/abs/2016PASP..128j4502S},
  adsnote = {Provided by the SAO/NASA Astrophysics Data System}
}

@ARTICLE{Lochner2016,
  author = {{Lochner}, M. and {McEwen}, J.~D. and {Peiris}, H.~V. and {Lahav}, O. and 
	{Winter}, M.~K.},
	title = "{Photometric Supernova Classification with Machine Learning}",
  journal = {\apjs},
archivePrefix = "arXiv",
  eprint = {1603.00882},
 primaryClass = "astro-ph.IM",
 keywords = {cosmology: observations, methods: data analysis, supernovae: general},
	 year = 2016,
	month = aug,
  volume = 225,
	  eid = {31},
	pages = {31},
	  doi = {10.3847/0067-0049/225/2/31},
  adsurl = {http://ukads.nottingham.ac.uk/abs/2016ApJS..225...31L},
  adsnote = {Provided by the SAO/NASA Astrophysics Data System}
}

@ARTICLE{Jacobs2017,
  author = {{Jacobs}, C. and {Glazebrook}, K. and {Collett}, T. and {More}, A. and 
	{McCarthy}, C.},
	title = "{Finding strong lenses in CFHTLS using convolutional neural networks}",
  journal = {\mnras},
archivePrefix = "arXiv",
  eprint = {1704.02744},
 primaryClass = "astro-ph.IM",
 keywords = {gravitational lensing: strong, methods: statistical},
	 year = 2017,
	month = oct,
  volume = 471,
	pages = {167--181},
	  doi = {10.1093/mnras/stx1492},
  adsurl = {http://ukads.nottingham.ac.uk/abs/2017MNRAS.471..167J},
  adsnote = {Provided by the SAO/NASA Astrophysics Data System}
}

@ARTICLE{Ostrovski2017,
  author = {Ostrovski, F. and others},
	title = "{VDES J2325-5229 a z = 2.7 gravitationally lensed quasar discovered using morphology-independent supervised machine learning}",
  journal = {\mnras},
archivePrefix = "arXiv",
  eprint = {1607.01391},
 keywords = {gravitational lensing: strong, methods: observational, methods: statistical, quasars: general},
	 year = 2017,
	month = mar,
  volume = 465,
	pages = {4325-4334},
	  doi = {10.1093/mnras/stw2958},
  adsurl = {http://ukads.nottingham.ac.uk/abs/2017MNRAS.465.4325O},
  adsnote = {Provided by the SAO/NASA Astrophysics Data System}
}

@ARTICLE{Ostrovski2017_old,
  author = {{Ostrovski}, F. and {McMahon}, R.~G. and {Connolly}, A.~J. and 
	{Lemon}, C.~A. and {Auger}, M.~W. and {Banerji}, M. and {Hung}, J.~M. and 
	{Koposov}, S.~E. and {Lidman}, C.~E. and {Reed}, S.~L. and {Allam}, S. and 
	{Benoit-L{\'e}vy}, A. and {Bertin}, E. and {Brooks}, D. and 
	{Buckley-Geer}, E. and {Carnero Rosell}, A. and {Carrasco Kind}, M. and 
	{Carretero}, J. and {Cunha}, C.~E. and {da Costa}, L.~N. and 
	{Desai}, S. and {Diehl}, H.~T. and {Dietrich}, J.~P. and {Evrard}, A.~E. and 
	{Finley}, D.~A. and {Flaugher}, B. and {Fosalba}, P. and {Frieman}, J. and 
	{Gerdes}, D.~W. and {Goldstein}, D.~A. and {Gruen}, D. and {Gruendl}, R.~A. and 
	{Gutierrez}, G. and {Honscheid}, K. and {James}, D.~J. and {Kuehn}, K. and 
	{Kuropatkin}, N. and {Lima}, M. and {Lin}, H. and {Maia}, M.~A.~G. and 
	{Marshall}, J.~L. and {Martini}, P. and {Melchior}, P. and {Miquel}, R. and 
	{Ogando}, R. and {Plazas Malag{\'o}n}, A. and {Reil}, K. and 
	{Romer}, K. and {Sanchez}, E. and {Santiago}, B. and {Scarpine}, V. and 
	{Sevilla-Noarbe}, I. and {Soares-Santos}, M. and {Sobreira}, F. and 
	{Suchyta}, E. and {Tarle}, G. and {Thomas}, D. and {Tucker}, D.~L. and 
	{Walker}, A.~R.},
	title = "{VDES J2325-5229 a z = 2.7 gravitationally lensed quasar discovered using morphology-independent supervised machine learning}",
  journal = {\mnras},
archivePrefix = "arXiv",
  eprint = {1607.01391},
 keywords = {gravitational lensing: strong, methods: observational, methods: statistical, quasars: general},
	 year = 2017,
	month = mar,
  volume = 465,
	pages = {4325-4334},
	  doi = {10.1093/mnras/stw2958},
  adsurl = {http://ukads.nottingham.ac.uk/abs/2017MNRAS.465.4325O},
  adsnote = {Provided by the SAO/NASA Astrophysics Data System}
}

@ARTICLE{Hartley2017,
  author = {{Hartley}, P. and {Flamary}, R. and {Jackson}, N. and {Tagore}, A.~S. and 
	{Metcalf}, R.~B.},
	title = "{Support vector machine classification of strong gravitational lenses}",
  journal = {\mnras},
archivePrefix = "arXiv",
  eprint = {1705.08949},
 primaryClass = "astro-ph.IM",
 keywords = {gravitational lensing: strong, methods: data analysis, methods: statistical, surveys, galaxies: general},
	 year = 2017,
	month = Nov,
  volume = 471,
	pages = {3378--3397},
	  doi = {10.1093/mnras/stx1733},
  adsurl = {http://ukads.nottingham.ac.uk/abs/2017MNRAS.471.3378H},
  adsnote = {Provided by the SAO/NASA Astrophysics Data System}
}

@ARTICLE{Lanusse2018,
  author = {{Lanusse}, F. and {Ma}, Q. and {Li}, N. and {Collett}, T.~E. and 
	{Li}, C.-L. and {Ravanbakhsh}, S. and {Mandelbaum}, R. and {P{\'o}czos}, B.
	},
	title = "{CMU DeepLens: deep learning for automatic image-based galaxy-galaxy strong lens finding}",
  journal = {\mnras},
archivePrefix = "arXiv",
  eprint = {1703.02642},
 primaryClass = "astro-ph.IM",
 keywords = {gravitational lensing: strong, methods: statistical},
	 year = 2018,
	month = jan,
  volume = 473,
	pages = {3895--3906},
	  doi = {10.1093/mnras/stx1665},
  adsurl = {http://adsabs.harvard.edu/abs/2018MNRAS.473.3895L},
  adsnote = {Provided by the SAO/NASA Astrophysics Data System}
}

@ARTICLE{Avestruz2019,
   author = {{Avestruz}, C. and {Li}, N. and {Zhu}, H. and {Lightman}, M. and 
	{Collett}, T.~E. and {Luo}, W.},
    title = "Automated Lensing Learner: Automated Strong Lensing Identification with a Computer Vision Technique",
  journal = {\apj},
archivePrefix = "arXiv",
   eprint = {1704.02322},
 primaryClass = "astro-ph.IM",
 keywords = {galaxies: elliptical and lenticular, cD, gravitational lensing: strong, methods: data analysis, methods: numerical, methods: statistical, surveys },
     year = 2019,
    month = may,
   volume = 877,
      eid = {58},
    pages = {58},
      doi = {10.3847/1538-4357/ab16d9},
   adsurl = {https://ui.adsabs.harvard.edu/abs/2019ApJ...877...58A},
  adsnote = {Provided by the SAO/NASA Astrophysics Data System}
}


@ARTICLE{Pearson2019,
   author = {{Pearson}, J. and {Li}, N. and {Dye}, S.},
    title = "{The use of convolutional neural networks for modelling large optically-selected strong galaxy-lens samples}",
  journal = {\mnras},
archivePrefix = "arXiv",
   eprint = {1904.06199},
 primaryClass = "astro-ph.IM",
 keywords = {gravitational lensing: strong, galaxies: structure},
     year = 2019,
    month = sep,
   volume = 488,
    pages = {991--1004},
      doi = {10.1093/mnras/stz1750},
   adsurl = {https://ui.adsabs.harvard.edu/abs/2019MNRAS.488..991P},
  adsnote = {Provided by the SAO/NASA Astrophysics Data System}
}

@ARTICLE{Sonnenfeld2017,
  author = {{Sonnenfeld}, A. and {Leauthaud}, A.},
	title = "{A Bayesian Hierarchical Approach to Galaxy-Galaxy Lensing}",
  journal = {ArXiv e-prints},
archivePrefix = "arXiv",
  eprint = {1710.00007},
 keywords = {Astrophysics - Cosmology and Nongalactic Astrophysics},
	 year = 2017,
	month = sep,
  adsurl = {http://ukads.nottingham.ac.uk/abs/2017arXiv171000007S},
  adsnote = {Provided by the SAO/NASA Astrophysics Data System}
}

@ARTICLE{Marshall2009,
  author = {{Marshall}, P.~J. and {Hogg}, D.~W. and {Moustakas}, L.~A. and
	  {Fassnacht}, C.~D. and {Brada{\v c}}, M. and {Schrabback}, T. and
	  {Blandford}, R.~D.},
	title = "{Automated Detection of Galaxy-Scale Gravitational Lenses in High-Resolution Imaging Data}",
  journal = {\apj},
archivePrefix = "arXiv",
  eprint = {0805.1469},
 keywords = {galaxies: elliptical and lenticular, cD, gravitational lensing, methods: data analysis, methods: statistical, surveys, techniques: miscellaneous},
	 year = 2009,
	month = apr,
  volume = 694,
	pages = {924-942},
	  doi = {10.1088/0004-637X/694/2/924},
  adsurl = {http://adsabs.harvard.edu/abs/2009ApJ...694..924M},
  adsnote = {Provided by the SAO/NASA Astrophysics Data System}
}

@ARTICLE{Bom2017,
  author = {{Bom}, C.~R. and {Makler}, M. and {Albuquerque}, M.~P. and {Brandt}, C.~H.
	},
	title = "{A neural network gravitational arc finder based on the Mediatrix filamentation method}",
  journal = {\aap},
archivePrefix = "arXiv",
  eprint = {1607.04644},
 keywords = {gravitational lensing: strong, techniques: image processing, methods: numerical},
	 year = 2017,
	month = jan,
  volume = 597,
	  eid = {A135},
	pages = {A135},
	  doi = {10.1051/0004-6361/201629159},
  adsurl = {http://ukads.nottingham.ac.uk/abs/2017A%26A...597A.135B},
  adsnote = {Provided by the SAO/NASA Astrophysics Data System}
}

@ARTICLE{Paraficz2016,
  author = {{Paraficz}, D. and {Courbin}, F. and {Tramacere}, A. and {Joseph}, R. and 
	{Metcalf}, R.~B. and {Kneib}, J.-P. and {Dubath}, P. and {Droz}, D. and 
	{Filleul}, F. and {Ringeisen}, D. and {Sch{\"a}fer}, C.},
	title = "{The PCA Lens-Finder: application to CFHTLS}",
  journal = {\aap},
archivePrefix = "arXiv",
  eprint = {1605.04309},
 keywords = {gravitational lensing: strong, galaxies: general, surveys},
	 year = 2016,
	month = jul,
  volume = 592,
	  eid = {A75},
	pages = {A75},
	  doi = {10.1051/0004-6361/201527971},
  adsurl = {http://ukads.nottingham.ac.uk/abs/2016A%26A...592A..75P},
  adsnote = {Provided by the SAO/NASA Astrophysics Data System}
}

@ARTICLE{Joseph2014,
  author = {{Joseph}, R. and {Courbin}, F. and {Metcalf}, R.~B. and {Giocoli}, C. and 
	  {Hartley}, P. and {Jackson}, N. and {Bellagamba}, F. and {Kneib}, J.-P. and
   {Koopmans}, L. and {Lemson}, G. and {Meneghetti}, M. and {Meylan}, G. and
   {Petkova}, M. and {Pires}, S.},
	title = "{A PCA-based automated finder for galaxy-scale strong lenses}",
  journal = {\aap},
archivePrefix = "arXiv",
  eprint = {1403.1063},
 primaryClass = "astro-ph.IM",
 keywords = {gravitational lensing: strong, techniques: image processing, methods: data analysis, dark matter, surveys, cosmological parameters},
	 year = 2014,
	month = jun,
  volume = 566,
	  eid = {A63},
	pages = {A63},
	  doi = {10.1051/0004-6361/201423365},
  adsurl = {http://adsabs.harvard.edu/abs/2014A%26A...566A..63J},
  adsnote = {Provided by the SAO/NASA Astrophysics Data System}
}

@ARTICLE{Gavazzi2014,
  author = {{Gavazzi}, R. and {Marshall}, P.~J. and {Treu}, T. and {Sonnenfeld}, A.},
	title = "{RINGFINDER:} Automated Detection of Galaxy-scale Gravitational Lenses in Ground-based Multi-filter Imaging Data",
  journal = {\apj},
archivePrefix = "arXiv",
  eprint = {1403.1041},
 keywords = {methods: data analysis, methods: statistical, galaxies: elliptical and lenticular, cD, gravitational lensing: strong, surveys, techniques: miscellaneous },
	 year = 2014,
	month = apr,
  volume = 785,
	  eid = {144},
	pages = {144},
	  doi = {10.1088/0004-637X/785/2/144},
  adsurl = {http://adsabs.harvard.edu/abs/2014ApJ...785..144G},
  adsnote = {Provided by the SAO/NASA Astrophysics Data System}
}

@ARTICLE{Collett2015,
  author = {{Collett}, T.~E.},
	title = "The Population of Galaxy-Galaxy Strong Lenses in Forthcoming Optical Imaging Surveys",
  journal = {\apj},
archivePrefix = "arXiv",
  eprint = {1507.02657},
 keywords = {gravitational lensing: strong},
	 year = 2015,
	month = sep,
  volume = 811,
	  eid = {20},
	pages = {20},
	  doi = {10.1088/0004-637X/811/1/20},
  adsurl = {http://adsabs.harvard.edu/abs/2015ApJ...811...20C},
  adsnote = {Provided by the SAO/NASA Astrophysics Data System}
}

@ARTICLE{Kummer2018,
  author = {{Kummer}, J. and {Kahlhoefer}, F. and {Schmidt-Hoberg}, K.},
	title = "{Effective description of dark matter self-interactions in small dark matter haloes}",
  journal = {\mnras},
archivePrefix = "arXiv",
  eprint = {1706.04794},
	 year = 2018,
	month = feb,
  volume = 474,
	pages = {388-399},
	  doi = {10.1093/mnras/stx2715},
  adsurl = {http://adsabs.harvard.edu/abs/2018MNRAS.474..388K},
  adsnote = {Provided by the SAO/NASA Astrophysics Data System}
}

@ARTICLE{Gilman2017,
  author = {{Gilman}, D. and {Birrer}, S. and {Treu}, T. and {Keeton}, C.~R.
	},
	title = "{Probing the nature of dark matter by forward modeling flux ratios in strong gravitational lenses}",
  journal = {ArXiv e-prints},
archivePrefix = "arXiv",
  eprint = {1712.04945},
 keywords = {Astrophysics - Cosmology and Nongalactic Astrophysics},
	 year = 2017,
	month = dec,
  adsurl = {http://adsabs.harvard.edu/abs/2017arXiv171204945G},
  adsnote = {Provided by the SAO/NASA Astrophysics Data System}
}

@ARTICLE{Shu2016,
  author = {{Shu}, Y. and {Bolton}, A.~S. and {Moustakas}, L.~A. and {Stern}, D. and 
	{Dey}, A. and {Brownstein}, J.~R. and {Burles}, S. and {Spinrad}, H.
	},
	title = "Kiloparsec Mass/Light Offsets in the Galaxy Pair-Ly{$\alpha$} Emitter Lens System {SDSS J1011+0143}",
  journal = {\apj},
archivePrefix = "arXiv",
  eprint = {1602.02927},
 keywords = {dark matter, galaxies: individual: SDSS J1011+0143, galaxies: interactions, gravitational lensing: strong, techniques: image processing},
	 year = 2016,
	month = mar,
  volume = 820,
	  eid = {43},
	pages = {43},
	  doi = {10.3847/0004-637X/820/1/43},
  adsurl = {http://adsabs.harvard.edu/abs/2016ApJ...820...43S},
  adsnote = {Provided by the SAO/NASA Astrophysics Data System}
}

@ARTICLE{Sharda2018,
  author = {{Sharda}, P. and {Federrath}, C. and {da{\^A} Cunha}, E. and 
	{Swinbank}, A.~M. and {Dye}, S.},
	title = "{Testing star formation laws in a starburst galaxy at redshift 3 resolved with ALMA}",
  journal = {\mnras},
archivePrefix = "arXiv",
  eprint = {1712.03661},
 keywords = {Turbulence, Stars: formation, galaxies: high-redshift, galaxies: starburst, Galaxy: kinematics and dynamics, Submillimetre: galaxies},
	 year = 2018,
	month = jul,
  volume = 477,
	pages = {4380--4390},
	  doi = {10.1093/mnras/sty886},
  adsurl = {http://adsabs.harvard.edu/abs/2018MNRAS.477.4380S},
  adsnote = {Provided by the SAO/NASA Astrophysics Data System}
}

@ARTICLE{Dye2018,
	  author = {{Dye}, S. and {Furlanetto}, C. and {Dunne}, L. and {Eales}, S.~A. and
			  {Negrello}, M. and {Nayyeri}, H. and {van der Werf}, P.~P. and
			  {Serjeant}, S. and {Farrah}, D. and {Micha{\l}owski}, M.~J. and
			  {Baes}, M. and {Marchetti}, L. and {Cooray}, A. and {Riechers},
			  D.~A. and {Amvrosiadis}, A.},
		title = "{Modelling high-resolution ALMA observations of strongly lensed highly
		star-forming galaxies detected by Herschel}",
	  journal = {\mnras},
	 keywords = {gravitational lensing: strong, galaxies: structure, Astrophysics -
			 Astrophysics of Galaxies},
		 year = {2018},
		month = {June},
	  volume = {476},
		pages = {4383--4394},
		  doi = {10.1093/mnras/sty513},
	  adsurl = {https://ui.adsabs.harvard.edu/#abs/2018MNRAS.476.4383D},
	  adsnote = {Provided by the SAO/NASA Astrophysics Data System}
}

@ARTICLE{Bayliss2017,
  author = {{Bayliss}, M.~B. and {Sharon}, K. and {Acharyya}, A. and {Gladders}, M.~D. and 
	{Rigby}, J.~R. and {Bian}, F. and {Bordoloi}, R. and {Runnoe}, J. and 
	{Dahle}, H. and {Kewley}, L. and {Florian}, M. and {Johnson}, T. and 
	{Paterno-Mahler}, R.},
	title = "Spatially Resolved Patchy Ly{$\alpha$} Emission within the Central Kiloparsec of a Strongly Lensed Quasar Host Galaxy at z = 2.8",
  journal = {\apjl},
archivePrefix = {"arXiv"},
  eprint = {1708.00453},
 keywords = {galaxies: high-redshift, gravitational lensing: strong, quasars: emission lines, quasars: general},
	 year = 2017,
	month = aug,
  volume = 845,
	  eid = {L14},
	pages = {L14},
	  doi = {10.3847/2041-8213/aa831a},
  adsurl = {http://adsabs.harvard.edu/abs/2017ApJ...845L..14B},
  adsnote = {Provided by the SAO/NASA Astrophysics Data System}
}

@ARTICLE{Suyu2017,
  author = {{Suyu}, S.~H. and {Bonvin}, V. and {Courbin}, F. and {Fassnacht}, C.~D. and 
	{Rusu}, C.~E. and {Sluse}, D. and {Treu}, T. and {Wong}, K.~C. and 
	{Auger}, M.~W. and {Ding}, X. and {Hilbert}, S. and {Marshall}, P.~J. and 
	{Rumbaugh}, N. and {Sonnenfeld}, A. and {Tewes}, M. and {Tihhonova}, O. and 
	{Agnello}, A. and {Blandford}, R.~D. and {Chen}, G.~C.-F. and 
	{Collett}, T. and {Koopmans}, L.~V.~E. and {Liao}, K. and {Meylan}, G. and 
	{Spiniello}, C.},
	title = "{H0LiCOW - I. H$_{0}$ lenses in COSMOGRAIL's Wellspring: program overview}",
  journal = {\mnras},
archivePrefix = "arXiv",
  eprint = {1607.00017},
 keywords = {gravitational lensing: strong, quasars: individual: B1608+656, RXJ1131-1231, HE 0435-1223, WFI2033-4723, HE 1104-1805, galaxies: structure, cosmological parameters, distance scale},
	 year = 2017,
	month = jul,
  volume = 468,
	pages = {2590-2604},
	  doi = {10.1093/mnras/stx483},
  adsurl = {http://adsabs.harvard.edu/abs/2017MNRAS.468.2590S},
  adsnote = {Provided by the SAO/NASA Astrophysics Data System}
}
 
@ARTICLE{Rana2017,
  author = {{Rana}, A. and {Jain}, D. and {Mahajan}, S. and {Mukherjee}, A. and 
	{Holanda}, R.~F.~L.},
	title = "{Probing the cosmic distance duality relation using time delay lenses}",
  journal = {\jcap},
archivePrefix = "arXiv",
  eprint = {1705.04549},
	 year = 2017,
	month = jul,
  volume = 7,
	  eid = {010},
	pages = {010},
	  doi = {10.1088/1475-7516/2017/07/010},
  adsurl = {http://adsabs.harvard.edu/abs/2017JCAP...07..010R},
  adsnote = {Provided by the SAO/NASA Astrophysics Data System}
}

@ARTICLE{Collett2014,
  author = {{Collett}, T.~E. and {Auger}, M.~W.},
	title = "{Cosmological constraints from the double source plane lens SDSSJ0946+1006}",
  journal = {\mnras},
archivePrefix = "arXiv",
  eprint = {1403.5278},
 keywords = {gravitational lensing: strong, cosmological parameters},
	 year = 2014,
	month = sep,
  volume = 443,
	pages = {969--976},
	  doi = {10.1093/mnras/stu1190},
  adsurl = {http://adsabs.harvard.edu/abs/2014MNRAS.443..969C},
  adsnote = {Provided by the SAO/NASA Astrophysics Data System}
}

@ARTICLE{Bayer2018,
  author = {{Bayer}, D. and {Chatterjee}, S. and {Koopmans}, L.~V.~E. and 
	{Vegetti}, S. and {McKean}, J.~P. and {Treu}, T. and {Fassnacht}, C.~D.
	},
	title = "{Observational constraints on the sub-galactic matter-power spectrum from galaxy-galaxy strong gravitational lensing}",
  journal = {ArXiv e-prints},
archivePrefix = "arXiv",
  eprint = {1803.05952},
 keywords = {Astrophysics - Astrophysics of Galaxies, Astrophysics - Cosmology and Nongalactic Astrophysics},
	 year = 2018,
	month = mar,
  adsurl = {http://adsabs.harvard.edu/abs/2018arXiv180305952B},
  adsnote = {Provided by the SAO/NASA Astrophysics Data System}
}

@ARTICLE{Hezaveh2016,
  author = {{Hezaveh}, Y.~D. and {Dalal}, N. and {Marrone}, D.~P. and {Mao}, Y.-Y. and 
	{Morningstar}, W. and {Wen}, D. and {Blandford}, R.~D. and {Carlstrom}, J.~E. and 
	{Fassnacht}, C.~D. and {Holder}, G.~P. and {Kemball}, A. and 
	{Marshall}, P.~J. and {Murray}, N. and {Perreault Levasseur}, L. and 
	{Vieira}, J.~D. and {Wechsler}, R.~H.},
	title = "Detection of Lensing Substructure Using {ALMA observations of the Dusty Galaxy SDP.81}",
  journal = {\apj},
archivePrefix = "arXiv",
  eprint = {1601.01388},
 keywords = {dark matter, gravitational lensing: strong},
	 year = 2016,
	month = may,
  volume = 823,
	  eid = {37},
	pages = {37},
	  doi = {10.3847/0004-637X/823/1/37},
  adsurl = {http://adsabs.harvard.edu/abs/2016ApJ...823...37H},
  adsnote = {Provided by the SAO/NASA Astrophysics Data System}
}

@ARTICLE{Vegetti2014,
  author = {{Vegetti}, S. and {Koopmans}, L.~V.~E. and {Auger}, M.~W. and 
	{Treu}, T. and {Bolton}, A.~S.},
	title = "{Inference of the cold dark matter substructure mass function at z = 0.2 using strong gravitational lenses}",
  journal = {\mnras},
archivePrefix = "arXiv",
  eprint = {1405.3666},
 keywords = {galaxies: structure},
	 year = 2014,
	month = aug,
  volume = 442,
	pages = {2017--2035},
	  doi = {10.1093/mnras/stu943},
  adsurl = {http://adsabs.harvard.edu/abs/2014MNRAS.442.2017V},
  adsnote = {Provided by the SAO/NASA Astrophysics Data System}
}

@ARTICLE{Kung2018,
  author = {{K{\"u}ng}, R. and {Saha}, P. and {Ferreras}, I. and {Baeten}, E. and 
	{Coles}, J. and {Cornen}, C. and {Macmillan}, C. and {Marshall}, P. and 
	{More}, A. and {Oswald}, L. and {Verma}, A. and {Wilcox}, J.~K.
	},
	title = "{Models of gravitational lens candidates from Space Warps CFHTLS}",
  journal = {\mnras},
archivePrefix = "arXiv",
  eprint = {1711.07297},
 keywords = {gravitational lensing: strong, galaxies: general, galaxies: stellar content, dark matter},
	 year = 2018,
	month = mar,
  volume = 474,
	pages = {3700-3713},
	  doi = {10.1093/mnras/stx3012},
  adsurl = {http://adsabs.harvard.edu/abs/2018MNRAS.474.3700K},
  adsnote = {Provided by the SAO/NASA Astrophysics Data System}
}

@ARTICLE{Shu2016b,
  author = {{Shu}, Y. and {Bolton}, A.~S. and {Mao}, S. and {Kochanek}, C.~S. and 
	{P{\'e}rez-Fournon}, I. and {Oguri}, M. and {Montero-Dorta}, A.~D. and 
	{Cornachione}, M.~A. and {Marques-Chaves}, R. and {Zheng}, Z. and 
	{Brownstein}, J.~R. and {M{\'e}nard}, B.},
	title = "{The BOSS Emission-line Lens Survey, IV: Smooth lens models for the BELLS GALLERY sample}",
  journal = {\apj},
archivePrefix = "arXiv",
  eprint = {1608.08707},
 keywords = {dark matter, galaxies: elliptical and lenticular, cD, gravitational lensing: strong, techniques: image processing},
	 year = 2016,
	month = dec,
  volume = 833,
	  eid = {264},
	pages = {264},
	  doi = {10.3847/1538-4357/833/2/264},
  adsurl = {http://adsabs.harvard.edu/abs/2016ApJ...833..264S},
  adsnote = {Provided by the SAO/NASA Astrophysics Data System}
}

@ARTICLE{Sonnenfeld2015,
  author = {{Sonnenfeld}, A. and {Treu}, T. and {Marshall}, P.~J. and {Suyu}, S.~H. and 
	{Gavazzi}, R. and {Auger}, M.~W. and {Nipoti}, C.},
	title = "The {SL2S Galaxy-scale Lens Sample, V:} Dark Matter Halos and Stellar {IMF} of Massive Early-type Galaxies Out to Redshift 0.8",
  journal = {\apj},
archivePrefix = "arXiv",
  eprint = {1410.1881},
 keywords = {galaxies: elliptical and lenticular, cD, galaxies: evolution, gravitational lensing: strong },
	 year = 2015,
	month = feb,
  volume = 800,
	  eid = {94},
	pages = {94},
	  doi = {10.1088/0004-637X/800/2/94},
  adsurl = {http://adsabs.harvard.edu/abs/2015ApJ...800...94S},
  adsnote = {Provided by the SAO/NASA Astrophysics Data System}
}

@ARTICLE{Hewitt1988,
  author = {{Hewitt}, J.~N. and {Turner}, E.~L. and {Schneider}, D.~P. and 
	{Burke}, B.~F. and {Langston}, G.~I.},
	title = "{Unusual radio source MG1131+0456 - A possible Einstein ring}",
  journal = {\nat},
 keywords = {Extragalactic Radio Sources, Gravitational Lenses, Radio Galaxies, Gravitational Fields, Infrared Sources (Astronomy), Very Large Array (Vla)},
	 year = 1988,
	month = jun,
  volume = 333,
	pages = {537--540},
	  doi = {10.1038/333537a0},
  adsurl = {http://adsabs.harvard.edu/abs/1988Natur.333..537H},
  adsnote = {Provided by the SAO/NASA Astrophysics Data System}
}

@ARTICLE{Magana2015,
  author = {{Maga{\~n}a}, J. and {Motta}, V. and {C{\'a}rdenas}, V.~H. and 
	{Verdugo}, T. and {Jullo}, E.},
	title = "A Magnified Glance into the Dark Sector: Probing Cosmological Models with Strong Lensing in {A1689}",
  journal = {\apj},
archivePrefix = "arXiv",
  eprint = {1509.08162},
 keywords = {cosmological parameters, dark energy},
	 year = 2015,
	month = nov,
  volume = 813,
	  eid = {69},
	pages = {69},
	  doi = {10.1088/0004-637X/813/1/69},
  adsurl = {http://adsabs.harvard.edu/abs/2015ApJ...813...69M},
  adsnote = {Provided by the SAO/NASA Astrophysics Data System}
}
 
@ARTICLE{Liao2015,
  author = {{Liao}, K. and {Treu}, T. and {Marshall}, P. and {Fassnacht}, C.~D. and 
	{Rumbaugh}, N. and {Dobler}, G. and {Aghamousa}, A. and {Bonvin}, V. and 
	{Courbin}, F. and {Hojjati}, A. and {Jackson}, N. and {Kashyap}, V. and 
	{Rathna Kumar}, S. and {Linder}, E. and {Mandel}, K. and {Meng}, X.-L. and 
	{Meylan}, G. and {Moustakas}, L.~A. and {Prabhu}, T.~P. and 
	{Romero-Wolf}, A. and {Shafieloo}, A. and {Siemiginowska}, A. and 
	{Stalin}, C.~S. and {Tak}, H. and {Tewes}, M. and {van Dyk}, D.
	},
	title = "{Strong Lens Time Delay Challenge, II: Results of TDC1}",
  journal = {\apj},
archivePrefix = "arXiv",
  eprint = {1409.1254},
 primaryClass = "astro-ph.IM",
 keywords = {gravitational lensing: strong, methods: data analysis},
	 year = 2015,
	month = feb,
  volume = 800,
	  eid = {11},
	pages = {11},
	  doi = {10.1088/0004-637X/800/1/11},
  adsurl = {http://adsabs.harvard.edu/abs/2015ApJ...800...11L},
  adsnote = {Provided by the SAO/NASA Astrophysics Data System}
}

@ARTICLE{Suyu2014,
  author = {{Suyu}, S.~H. and {Treu}, T. and {Hilbert}, S. and {Sonnenfeld}, A. and 
	{Auger}, M.~W. and {Blandford}, R.~D. and {Collett}, T. and 
	{Courbin}, F. and {Fassnacht}, C.~D. and {Koopmans}, L.~V.~E. and 
	{Marshall}, P.~J. and {Meylan}, G. and {Spiniello}, C. and {Tewes}, M.
	},
	title = "Cosmology from Gravitational Lens Time Delays and Planck Data",
  journal = {\apjl},
archivePrefix = "arXiv",
  eprint = {1306.4732},
 keywords = {distance scale, galaxies: individual: RXJ1131-1231, gravitational lensing: strong, methods: data analysis},
	 year = 2014,
	month = jun,
  volume = 788,
	  eid = {L35},
	pages = {L35},
	  doi = {10.1088/2041-8205/788/2/L35},
  adsurl = {http://adsabs.harvard.edu/abs/2014ApJ...788L..35S},
  adsnote = {Provided by the SAO/NASA Astrophysics Data System}
}

@ARTICLE{Suyu2013,
  author = {{Suyu}, S.~H. and {Auger}, M.~W. and {Hilbert}, S. and {Marshall}, P.~J. and 
	{Tewes}, M. and {Treu}, T. and {Fassnacht}, C.~D. and {Koopmans}, L.~V.~E. and 
	{Sluse}, D. and {Blandford}, R.~D. and {Courbin}, F. and {Meylan}, G.
	},
	title = "Two Accurate Time-delay Distances from Strong Lensing: Implications for Cosmology",
  journal = {\apj},
archivePrefix = "arXiv",
  eprint = {1208.6010},
 primaryClass = "astro-ph.CO",
 keywords = {distance scale, galaxies: individual: RXJ1131-1231, gravitational lensing: strong, methods: data analysis},
	 year = 2013,
	month = apr,
  volume = 766,
	  eid = {70},
	pages = {70},
	  doi = {10.1088/0004-637X/766/2/70},
  adsurl = {http://adsabs.harvard.edu/abs/2013ApJ...766...70S},
  adsnote = {Provided by the SAO/NASA Astrophysics Data System}
}
 
@ARTICLE{Dye2015,
	  author = {{Dye}, S. and {Furlanetto}, C. and {Swinbank}, A.~M. and {Vlahakis}, C.
			  and {Nightingale}, J.~W. and {Dunne}, L. and {Eales}, S.~A. and
			  {Smail}, Ian and {Oteo}, I. and {Hunter}, T. and {Negrello}, M.
			  and {Dannerbauer}, H. and {Ivison}, R.~J. and {Gavazzi}, R. and
			  {Cooray}, A. and {van der Werf}, P.},
		title = "{Revealing the complex nature of the strong gravitationally lensed system
		H-ATLAS J090311.6+003906 using ALMA}",
	  journal = {\mnras},
	 keywords = {gravitational lensing: strong, galaxies: structure, Astrophysics -
			 Astrophysics of Galaxies, Astrophysics - Cosmology and
			 Nongalactic Astrophysics},
		 year = 2015,
		month = Sep,
	  volume = {452},
		pages = {2258--2268},
		  doi = {10.1093/mnras/stv1442},
	  adsurl = {https://ui.adsabs.harvard.edu/#abs/2015MNRAS.452.2258D},
	  adsnote = {Provided by the SAO/NASA Astrophysics Data System}
}

@ARTICLE{Stark2014,
  author = {{Stark}, D.~P. and {Richard}, J. and {Charlot}, S. and {Clement}, B. and 
	{Ellis}, R. and {Siana}, B. and {Robertson}, B. and {Schenker}, M. and 
	{Gutkin}, J. and {Wofford}, A.},
   title = "{Spectroscopic detections of CIII]1909 at z\~{}6-7: A new probe of early star forming galaxies and cosmic reionisation}",
 journal = {ArXiv e-prints},
archivePrefix = "arXiv",
  eprint = {1408.3649},
keywords = {Astrophysics - Astrophysics of Galaxies},
    year = 2014,
   month = aug,
  adsurl = {http://adsabs.harvard.edu/abs/2014arXiv1408.3649S},
 adsnote = {Provided by the SAO/NASA Astrophysics Data System}
}

@ARTICLE{Jones2013,
  author = {{Jones}, T.~A. and {Ellis}, R.~S. and {Schenker}, M.~A. and 
	{Stark}, D.~P.},
	title = "Keck Spectroscopy of Gravitationally Lensed z \~{}= 4 Galaxies: Improved Constraints on the Escape Fraction of Ionizing Photons",
  journal = {\apj},
archivePrefix = "arXiv",
  eprint = {1304.7015},
 primaryClass = "astro-ph.CO",
 keywords = {dark ages, reionization, first stars, galaxies: evolution, galaxies: formation, galaxies: ISM },
	 year = 2013,
	month = dec,
  volume = 779,
	  eid = {52},
	pages = {52},
	  doi = {10.1088/0004-637X/779/1/52},
  adsurl = {http://adsabs.harvard.edu/abs/2013ApJ...779...52J},
  adsnote = {Provided by the SAO/NASA Astrophysics Data System}
}

@ARTICLE{Coe2013,
  author = {{Coe}, D. and {Zitrin}, A. and {Carrasco}, M. and {Shu}, X. and 
	{Zheng}, W. and {Postman}, M. and {Bradley}, L. and {Koekemoer}, A. and 
	{Bouwens}, R. and {Broadhurst}, T. and {Monna}, A. and {Host}, O. and 
	{Moustakas}, L.~A. and {Ford}, H. and {Moustakas}, J. and {van der Wel}, A. and 
	{Donahue}, M. and {Rodney}, S.~A. and {Ben{\'{\i}}tez}, N. and 
	{Jouvel}, S. and {Seitz}, S. and {Kelson}, D.~D. and {Rosati}, P.
	},
	title = "{CLASH}: Three Strongly Lensed Images of a Candidate z {\ap} 11 Galaxy",
  journal = {\apj},
archivePrefix = "arXiv",
  eprint = {1211.3663},
 primaryClass = "astro-ph.CO",
 keywords = {early universe, galaxies: clusters: individual: MACSJ0647.7+7015, galaxies: distances and redshifts, galaxies: evolution, galaxies: high-redshift, gravitational lensing: strong},
	 year = 2013,
	month = jan,
  volume = 762,
	  eid = {32},
	pages = {32},
	  doi = {10.1088/0004-637X/762/1/32},
  adsurl = {http://adsabs.harvard.edu/abs/2013ApJ...762...32C},
  adsnote = {Provided by the SAO/NASA Astrophysics Data System}
}

@ARTICLE{Jauzac2018,
	  author = {{Jauzac}, Mathilde and {Harvey}, David and {Massey}, Richard},
		title = "{The shape of galaxy dark matter halos in massive galaxy clusters:
		Insights from strong gravitational lensing}",
	  journal = {\mnras},
	 keywords = {Galaxies: Structure, Galaxy Clusters: Individual (MACSJ0416.1-2403),
			 Gravitational Lensing, Astrophysics - Cosmology and Nongalactic
			 Astrophysics, Astrophysics - Astrophysics of Galaxies},
		 year = 2018,
		month = Apr,
		pages = {874},
		  doi = {10.1093/mnras/sty909},
	  adsurl = {https://ui.adsabs.harvard.edu/#abs/2018MNRAS.tmp..874J},
	  adsnote = {Provided by the SAO/NASA Astrophysics Data System}
}

@ARTICLE{Diego2018,
	  author = {{Diego}, Jose M. and {Schmidt}, Kasper B. and {Broadhurst}, Tom and
			  {Lam}, Daniel and {Vega-Ferrero}, Jes{\'u}s and {Zheng}, Wei and
			  {Lee}, Slanger and {Morishita}, Takahiro and {Bernstein}, Gary
			  and {Lim}, Jeremy and {Silk}, Joseph and {Ford}, Holland},
		title = "{A free-form lensing model of A370 revealing stellar mass dominated BCGs,
		in Hubble Frontier Fields images}",
	  journal = {\mnras},
	 keywords = {gravitational lensing: strong, galaxies: clusters: individual: A370,
			 galaxies: elliptical and lenticular, cD, dark matter,
			 Astrophysics - Astrophysics of Galaxies, Astrophysics -
			 Cosmology and Nongalactic Astrophysics},
		 year = 2018,
		month = Feb,
	  volume = {473},
		pages = {4279--4296},
		  doi = {10.1093/mnras/stx2609},
	  adsurl = {https://ui.adsabs.harvard.edu/#abs/2018MNRAS.473.4279D},
	  adsnote = {Provided by the SAO/NASA Astrophysics Data System}
}

@ARTICLE{Han2015,
  author = {{Han}, J. and {Eke}, V.~R. and {Frenk}, C.~S. and {Mandelbaum}, R. and 
	{Norberg}, P. and {Schneider}, M.~D. and {Peacock}, J.~A. and 
	{Jing}, Y. and {Baldry}, I. and {Bland-Hawthorn}, J. and {Brough}, S. and 
	{Brown}, M.~J.~I. and {Liske}, J. and {Loveday}, J. and {Robotham}, A.~S.~G.
	},
	title = "{Galaxy And Mass Assembly (GAMA): the halo mass of galaxy groups from maximum-likelihood weak lensing}",
  journal = {\mnras},
archivePrefix = "arXiv",
  eprint = {1404.6828},
 keywords = {gravitational lensing: weak, methods: data analysis, dark matter, galaxies: clusters},
	 year = 2015,
	month = jan,
  volume = 446,
	pages = {1356--1379},
	  doi = {10.1093/mnras/stu2178},
  adsurl = {http://adsabs.harvard.edu/abs/2015MNRAS.446.1356H},
  adsnote = {Provided by the SAO/NASA Astrophysics Data System}
}

@ARTICLE{Newman2013,
  author = {{Newman}, A.~B. and {Treu}, T. and {Ellis}, R.~S. and {Sand}, D.~J.
	},
	title = "The Density Profiles of Massive, Relaxed Galaxy Clusters, II: Separating Luminous and Dark Matter in Cluster Cores",
  journal = {\apj},
archivePrefix = "arXiv",
  eprint = {1209.1392},
 primaryClass = "astro-ph.CO",
 keywords = {dark matter, galaxies: elliptical and lenticular, cD, gravitational lensing: strong, gravitational lensing: weak, stars: kinematics and dynamics},
	 year = 2013,
	month = mar,
  volume = 765,
	  eid = {25},
	pages = {25},
	  doi = {10.1088/0004-637X/765/1/25},
  adsurl = {http://adsabs.harvard.edu/abs/2013ApJ...765...25N},
  adsnote = {Provided by the SAO/NASA Astrophysics Data System}
}

@ARTICLE{Han2018,
  author = {{Han}, C. and {Hirao}, Y. and {Udalski}, A. and {Lee}, C.-U. and 
	{Bozza}, V. and {Gould}, A. and {and} and {Abe}, F. and {Barry}, R. and 
	{Bond}, I.~A. and {Bennett}, D.~P. and {Bhattacharya}, A. and 
	{Donachie}, M. and {Evans}, P. and {Fukui}, A. and {Itow}, Y. and 
	{Kawasaki}, K. and {Koshimoto}, N. and {Li}, M.~C.~A. and {Ling}, C.~H. and 
	{Matsubara}, Y. and {Miyazaki}, S. and {Munakata}, H. and {Muraki}, Y. and 
	{Nagakane}, M. and {Ohnishi}, K. and {Ranc}, C. and {Rattenbury}, N. and 
	{Saito}, T. and {Sharan}, A. and {Sullivan}, D.~J. and {Sumi}, T. and 
	{Suzuki}, D. and {Tristram}, P.~J. and {Yamada}, T. and {Yonehara}, A. and 
	{The MOA Collaboration} and {Mr{\'o}z}, P. and {Poleski}, R. and 
	{Koz{\l}owski}, S. and {Soszy{\'n}ski}, I. and {Pietrukowicz}, P. and 
	{Skowron}, J. and {Szyma{\'n}ski}, M.~K. and {Ulaczyk}, K. and 
	{Pawlak}, M. and {Rybicki}, K. and {Iwanek}, P. and {The OGLE Collaboration} and 
	{Albrow}, M.~D. and {Chung}, S.-J. and {Hwang}, K.-H. and {Jung}, Y.~K. and 
	{Kim}, D. and {Kim}, W.-T. and {Kim}, H.-W. and {Ryu}, Y.-H. and 
	{Shin}, I.-G. and {Shvartzvald}, Y. and {Yee}, J.~C. and {Zhu}, W. and 
	{Cha}, S.-M. and {Kim}, S.-L. and {Kim}, D.-J. and {Lee}, D.-J. and 
	{Lee}, Y. and {Park}, B.-G. and {Pogge}, R.~W. and {The KMTNet Collaboration}
	},
	title = "{OGLE-2017-BLG-0482Lb:} A Microlensing Super-Earth Orbiting a Low-Mass Host Star",
  journal = {\aj},
archivePrefix = "arXiv",
  eprint = {1803.10830},
 primaryClass = "astro-ph.EP",
 keywords = {gravitational lensing: micro, planetary systems },
	 year = 2018,
	month = may,
  volume = 155,
	  eid = {211},
	pages = {211},
	  doi = {10.3847/1538-3881/aabad2},
  adsurl = {http://adsabs.harvard.edu/abs/2018AJ....155..211H},
  adsnote = {Provided by the SAO/NASA Astrophysics Data System}
}


@ARTICLE{Shvartzvald2017,
  author = {{Shvartzvald}, Y. and {Yee}, J.~C. and {Calchi Novati}, S. and 
	{Gould}, A. and {Lee}, C.-U. and {Beichman}, C. and {Bryden}, G. and 
	{Carey}, S. and {Gaudi}, B.~S. and {Henderson}, C.~B. and {Zhu}, W. and 
	{Spitzer team} and {Albrow}, M.~D. and {Cha}, S.-M. and {Chung}, S.-J. and 
	{Han}, C. and {Hwang}, K.-H. and {Jung}, Y.~K. and {Kim}, D.-J. and 
	{Kim}, H.-W. and {Kim}, S.-L. and {Lee}, Y. and {Park}, B.-G. and 
	{Pogge}, R.~W. and {Ryu}, Y.-H. and {Shin}, I.-G. and {KMTNet group}
	},
	title = "An Earth-mass Planet in a 1 au Orbit around an Ultracool Dwarf",
  journal = {\apjl},
archivePrefix = "arXiv",
  eprint = {1703.08548},
 primaryClass = "astro-ph.EP",
 keywords = {binaries: general, Galaxy: bulge, gravitational lensing: micro, planetary systems },
	 year = 2017,
	month = may,
  volume = 840,
	  eid = {L3},
	pages = {L3},
	  doi = {10.3847/2041-8213/aa6d09},
  adsurl = {http://adsabs.harvard.edu/abs/2017ApJ...840L...3S},
  adsnote = {Provided by the SAO/NASA Astrophysics Data System}
}
 
@ARTICLE{Bruce2017,
  author = {{Bruce}, A. and {Lawrence}, A. and {MacLeod}, C. and {Elvis}, M. and 
	{Ward}, M.~J. and {Collinson}, J.~S. and {Gezari}, S. and {Marshall}, P.~J. and 
	{Lam}, M.~C. and {Kotak}, R. and {Inserra}, C. and {Polshaw}, J. and 
	{Kaiser}, N. and {Kudritzki}, R.-P. and {Magnier}, E.~A. and 
	{Waters}, C.},
	title = "Spectral analysis of four `hypervariable' {AGN}: a micro-needle in the haystack?",
  journal = {\mnras},
archivePrefix = "arXiv",
  eprint = {1608.06261},
 primaryClass = "astro-ph.HE",
 keywords = {galaxies:active, galaxies:nuclei, gravitational lensing: micro, accretion, accretion discs, quasars: absorption lines, quasars:emission lines, galaxies: active, galaxies: nuclei, quasars: emission lines},
	 year = 2017,
	month = may,
  volume = 467,
	pages = {1259--1280},
	  doi = {10.1093/mnras/stx168},
  adsurl = {http://adsabs.harvard.edu/abs/2017MNRAS.467.1259B},
  adsnote = {Provided by the SAO/NASA Astrophysics Data System}
}

@ARTICLE{Eddington1920,
  author = {{Dyson}, F.~W. and {Eddington}, A.~S. and {Davidson}, C.},
    title = "A Determination of the Deflection of Light by the Sun's Gravitational Field, from Observations Made at the Total Eclipse of {May 29, 1919}",
  journal = {Philosophical Transactions of the Royal Society of London Series A},
     year = 1920,
  volume = 220,
    pages = {291--333},
      doi = {10.1098/rsta.1920.0009},
  adsurl = {https://ui.adsabs.harvard.edu/abs/1921RSPTA.220..291D},
  adsnote = {Provided by the SAO/NASA Astrophysics Data System}
}

@ARTICLE{Mao2012,
  author = {{Mao}, S.},
	title = "{Astrophysical applications of gravitational microlensing}",
  journal = {Research in Astronomy and Astrophysics},
archivePrefix = "arXiv",
  eprint = {1207.3720},
 primaryClass = "astro-ph.GA",
	 year = 2012,
	month = aug,
  volume = 12,
	pages = {947-972},
	  doi = {10.1088/1674-4527/12/8/005},
  adsurl = {http://adsabs.harvard.edu/abs/2012RAA....12..947M},
  adsnote = {Provided by the SAO/NASA Astrophysics Data System}
}

@ARTICLE{Meneghetti2013,
  author = {{Meneghetti}, M. and {Bartelmann}, M. and {Dahle}, H. and {Limousin}, M.
	},
	title = "{Arc statistics}",
  journal = {\ssr},
archivePrefix = "arXiv",
  eprint = {1303.3363},
 primaryClass = "astro-ph.CO",
 keywords = {Cosmology, Galaxy clusters, Gravitational lensing},
	 year = 2013,
	month = aug,
  volume = 177,
	pages = {31--74},
	  doi = {10.1007/s11214-013-9981-x},
  adsurl = {http://adsabs.harvard.edu/abs/2013SSRv..177...31M},
  adsnote = {Provided by the SAO/NASA Astrophysics Data System}
}

@ARTICLE{Fu2014,
	  author = {{Fu}, Li-Ping and {Fan}, Zu-Hui},
		title = "{Probing the dark side of the Universe with weak gravitational lensing
		effects}",
	  journal = {Research in Astronomy and Astrophysics},
		 year = 2014,
		month = Sep,
	  volume = {14},
		  eid = {1061},
		pages = {1061},
		  doi = {10.1088/1674-4527/14/9/002},
	  adsurl = {https://ui.adsabs.harvard.edu/#abs/2014RAA....14.1061F},
	  adsnote = {Provided by the SAO/NASA Astrophysics Data System}
}

@ARTICLE{Rahvar2015,
	  author = {{Rahvar}, Sohrab},
		title = "{Gravitational microlensing I: A unique astrophysical tool}",
	  journal = {International Journal of Modern Physics D},
	 keywords = {Gravitational microlensing, MACHOs, stellar physics, 98.62.Sb, 95.35.+d,
			 97.10.Ex, Gravitational lenses and luminous arcs, Dark matter,
			 Stellar atmospheres, radiative transfer, opacity and line
			 formation, Astrophysics - Instrumentation and Methods for
			 Astrophysics, Astrophysics - Astrophysics of Galaxies,
			 Astrophysics - Solar and Stellar Astrophysics},
		 year = 2015,
		month = Apr,
	  volume = {24},
		  eid = {1530020},
		pages = {1530020},
		  doi = {10.1142/S0218271815300207},
	  adsurl = {https://ui.adsabs.harvard.edu/#abs/2015IJMPD..2430020R},
	  adsnote = {Provided by the SAO/NASA Astrophysics Data System}
}

@ARTICLE{Mandelbaum2017,
	  author = {{Mandelbaum}, Rachel},
		title = "{Weak lensing for precision cosmology}",
	  journal = {ArXiv e-prints},
	 keywords = {Astrophysics - Cosmology and Nongalactic Astrophysics},
		 year = 2017,
		month = Oct,
		  eid = {arXiv:1710.03235},
		pages = {arXiv:1710.03235},
archivePrefix = {arXiv},
	  eprint = {1710.03235},
	  adsurl = {https://ui.adsabs.harvard.edu/#abs/2017arXiv171003235M},
	  adsnote = {Provided by the SAO/NASA Astrophysics Data System}
}
 
@ARTICLE{Bartelmann2017,
	  author = {{Bartelmann}, Matthias and {Maturi}, Matteo},
		title = "{Weak gravitational lensing}",
	  journal = {Scholarpedia},
	 keywords = {Astrophysics - Cosmology and Nongalactic Astrophysics},
		 year = 2017,
		month = Jan,
	  volume = {12},
		pages = {32440},
		  doi = {10.4249/scholarpedia.32440},
	  adsurl = {https://ui.adsabs.harvard.edu/#abs/2017SchpJ..1232440B},
	  adsnote = {Provided by the SAO/NASA Astrophysics Data System}
}

@ARTICLE{Jee2016,
  author = {{Jee}, M.~J. and {Tyson}, J.~A. and {Hilbert}, S. and {Schneider}, M.~D. and 
	{Schmidt}, S. and {Wittman}, D.},
	title = "Cosmic Shear Results from the {Deep Lens Survey, II:} Full Cosmological Parameter Constraints from Tomography",
  journal = {\apj},
archivePrefix = "arXiv",
  eprint = {1510.03962},
 keywords = {cosmological parameters, cosmology: observations, dark matter, gravitational lensing: weak, large-scale structure of universe},
	 year = 2016,
	month = jun,
  volume = 824,
	  eid = {77},
	pages = {77},
	  doi = {10.3847/0004-637X/824/2/77},
  adsurl = {http://adsabs.harvard.edu/abs/2016ApJ...824...77J},
  adsnote = {Provided by the SAO/NASA Astrophysics Data System}
}

@ARTICLE{Kilbinger2017,
  author = {{Kilbinger}, M. and {Heymans}, C. and {Asgari}, M. and {Joudaki}, S. and 
	{Schneider}, P. and {Simon}, P. and {Van Waerbeke}, L. and {Harnois-D{\'e}raps}, J. and 
	{Hildebrandt}, H. and {K{\"o}hlinger}, F. and {Kuijken}, K. and 
	{Viola}, M.},
	title = "{Precision calculations of the cosmic shear power spectrum projection}",
  journal = {\mnras},
archivePrefix = "arXiv",
  eprint = {1702.05301},
 keywords = {methods: statistical - cosmological parameters},
	 year = 2017,
	month = dec,
  volume = 472,
	pages = {2126--2141},
	  doi = {10.1093/mnras/stx2082},
  adsurl = {http://adsabs.harvard.edu/abs/2017MNRAS.472.2126K},
  adsnote = {Provided by the SAO/NASA Astrophysics Data System}
}

@ARTICLE{Butler2022,
       author = {{Jenness}, Tim and {Bosch}, James F. and {Lust}, Nate B. and {Pease}, Nathan M. and {Gower}, Michelle and {Kowalik}, Mikolaj and {Dubois-Felsmann}, Gregory P. and {Mueller}, Fritz and {Schellart}, Pim},
        title = "{The Vera C. Rubin Observatory Data Butler and Pipeline Execution System}",
      journal = {arXiv e-prints},
     keywords = {Astrophysics - Instrumentation and Methods for Astrophysics, Computer Science - Distributed, Parallel, and Cluster Computing},
         year = 2022,
        month = jun,
          eid = {arXiv:2206.14941},
        pages = {arXiv:2206.14941},
archivePrefix = {arXiv},
       eprint = {2206.14941},
 primaryClass = {astro-ph.IM},
       adsurl = {https://ui.adsabs.harvard.edu/abs/2022arXiv220614941J},
      adsnote = {Provided by the SAO/NASA Astrophysics Data System}
}



@INPROCEEDINGS{Butler2019,
       author = {{Jenness}, Tim and {Bosch}, James and {Schellart}, Pim and {Lim}, Kian-Tat and {Salnikov}, Andrei and {Gower}, Michelle},
        title = "{Abstracting the Storage and Retrieval of Image Data at the LSST}",
     keywords = {Astrophysics - Instrumentation and Methods for Astrophysics},
    booktitle = {Astronomical Data Analysis Software and Systems XXVII},
         year = 2019,
       editor = {{Teuben}, Peter J. and {Pound}, Marc W. and {Thomas}, Brian A. and {Warner}, Elizabeth M.},
       series = {Astronomical Society of the Pacific Conference Series},
       volume = {523},
        month = oct,
        pages = {653},
archivePrefix = {arXiv},
       eprint = {1812.08085},
 primaryClass = {astro-ph.IM},
       adsurl = {https://ui.adsabs.harvard.edu/abs/2019ASPC..523..653J},
      adsnote = {Provided by the SAO/NASA Astrophysics Data System}
}



@ARTICLE{dc2,
       author = {{LSST Dark Energy Science Collaboration (LSST DESC)} and {Abolfathi}, Bela and {Alonso}, David and {Armstrong}, Robert and {Aubourg}, {\'E}ric and {Awan}, Humna and {Babuji}, Yadu N. and {Bauer}, Franz Erik and {Bean}, Rachel and {Beckett}, George and {Biswas}, Rahul and {Bogart}, Joanne R. and {Boutigny}, Dominique and {Chard}, Kyle and {Chiang}, James and {Claver}, Chuck F. and {Cohen-Tanugi}, Johann and {Combet}, C{\'e}line and {Connolly}, Andrew J. and {Daniel}, Scott F. and {Digel}, Seth W. and {Drlica-Wagner}, Alex and {Dubois}, Richard and {Gangler}, Emmanuel and {Gawiser}, Eric and {Glanzman}, Thomas and {Gris}, Phillipe and {Habib}, Salman and {Hearin}, Andrew P. and {Heitmann}, Katrin and {Hernandez}, Fabio and {Hlo{\v{z}}ek}, Ren{\'e}e and {Hollowed}, Joseph and {Ishak}, Mustapha and {Ivezi{\'c}}, {\v{Z}}eljko and {Jarvis}, Mike and {Jha}, Saurabh W. and {Kahn}, Steven M. and {Kalmbach}, J. Bryce and {Kelly}, Heather M. and {Kovacs}, Eve and {Korytov}, Danila and {Krughoff}, K. Simon and {Lage}, Craig S. and {Lanusse}, Fran{\c{c}}ois and {Larsen}, Patricia and {Le Guillou}, Laurent and {Li}, Nan and {Longley}, Emily Phillips and {Lupton}, Robert H. and {Mandelbaum}, Rachel and {Mao}, Yao-Yuan and {Marshall}, Phil and {Meyers}, Joshua E. and {Moniez}, Marc and {Morrison}, Christopher B. and {Nomerotski}, Andrei and {O'Connor}, Paul and {Park}, HyeYun and {Park}, Ji Won and {Peloton}, Julien and {Perrefort}, Daniel and {Perry}, James and {Plaszczynski}, St{\'e}phane and {Pope}, Adrian and {Rasmussen}, Andrew and {Reil}, Kevin and {Roodman}, Aaron J. and {Rykoff}, Eli S. and {S{\'a}nchez}, F. Javier and {Schmidt}, Samuel J. and {Scolnic}, Daniel and {Stubbs}, Christopher W. and {Tyson}, J. Anthony and {Uram}, Thomas D. and {Villarreal}, Antonio and {Walter}, Christopher W. and {Wiesner}, Matthew P. and {Wood-Vasey}, W. Michael and {Zuntz}, Joe},
        title = "{The LSST DESC DC2 Simulated Sky Survey}",
      journal = {\apjs},
     keywords = {Cosmology, N-body simulations, Sky surveys, 343, 1083, 1464, Astrophysics - Instrumentation and Methods for Astrophysics, Astrophysics - Cosmology and Nongalactic Astrophysics},
         year = 2021,
        month = mar,
       volume = {253},
       number = {1},
          eid = {31},
        pages = {31},
          doi = {10.3847/1538-4365/abd62c},
archivePrefix = {arXiv},
       eprint = {2010.05926},
 primaryClass = {astro-ph.IM},
       adsurl = {https://ui.adsabs.harvard.edu/abs/2021ApJS..253...31L},
      adsnote = {Provided by the SAO/NASA Astrophysics Data System}
}

@ARTICLE{descqa,
       author = {{Mao}, Yao-Yuan and {Kovacs}, Eve and {Heitmann}, Katrin and {Uram}, Thomas D. and {Benson}, Andrew J. and {Campbell}, Duncan and {Cora}, Sof{\'\i}a A. and {DeRose}, Joseph and {Di Matteo}, Tiziana and {Habib}, Salman and {Hearin}, Andrew P. and {Bryce Kalmbach}, J. and {Krughoff}, K. Simon and {Lanusse}, Fran{\c{c}}ois and {Luki{\'c}}, Zarija and {Mandelbaum}, Rachel and {Newman}, Jeffrey A. and {Padilla}, Nelson and {Paillas}, Enrique and {Pope}, Adrian and {Ricker}, Paul M. and {Ruiz}, Andr{\'e}s N. and {Tenneti}, Ananth and {Vega-Mart{\'\i}nez}, Cristian A. and {Wechsler}, Risa H. and {Zhou}, Rongpu and {Zu}, Ying and {LSST Dark Energy Science Collaboration}},
        title = "{DESCQA: An Automated Validation Framework for Synthetic Sky Catalogs}",
      journal = {\apjs},
     keywords = {large-scale structure of universe, methods: numerical, Astrophysics - Instrumentation and Methods for Astrophysics, Astrophysics - Cosmology and Nongalactic Astrophysics},
         year = 2018,
        month = feb,
       volume = {234},
       number = {2},
          eid = {36},
        pages = {36},
          doi = {10.3847/1538-4365/aaa6c3},
archivePrefix = {arXiv},
       eprint = {1709.09665},
 primaryClass = {astro-ph.IM},
       adsurl = {https://ui.adsabs.harvard.edu/abs/2018ApJS..234...36M},
      adsnote = {Provided by the SAO/NASA Astrophysics Data System}
}



@ARTICLE{Chianese2020,
       author = {{Chianese}, Marco and {Coogan}, Adam and {Hofma}, Paul and {Otten}, Sydney and {Weniger}, Christoph},
        title = "{Differentiable strong lensing: uniting gravity and neural nets through differentiable probabilistic programming}",
      journal = {\mnras},
     keywords = {Dark matter, gravitational lensing: strong, galaxies: structure, Astrophysics - Cosmology and Nongalactic Astrophysics, Astrophysics - Astrophysics of Galaxies, Astrophysics - Instrumentation and Methods for Astrophysics, High Energy Physics - Phenomenology},
         year = 2020,
        month = jul,
       volume = {496},
       number = {1},
        pages = {381-393},
          doi = {10.1093/mnras/staa1477},
archivePrefix = {arXiv},
       eprint = {1910.06157},
 primaryClass = {astro-ph.CO},
       adsurl = {https://ui.adsabs.harvard.edu/abs/2020MNRAS.496..381C},
      adsnote = {Provided by the SAO/NASA Astrophysics Data System}
}



@ARTICLE{Brehmer2019,
       author = {{Brehmer}, Johann and {Mishra-Sharma}, Siddharth and {Hermans}, Joeri and {Louppe}, Gilles and {Cranmer}, Kyle},
        title = "{Mining for Dark Matter Substructure: Inferring Subhalo Population Properties from Strong Lenses with Machine Learning}",
      journal = {\apj},
     keywords = {Astrostatistics techniques, Convolutional neural networks, Cosmology, Dark matter, Gravitational lensing, Strong gravitational lensing, Nonparametric inference, 1886, 1938, 343, 353, 670, 1643, 1903, Astrophysics - Cosmology and Nongalactic Astrophysics, Astrophysics - High Energy Astrophysical Phenomena, Astrophysics - Instrumentation and Methods for Astrophysics, High Energy Physics - Phenomenology, Statistics - Machine Learning},
         year = 2019,
        month = nov,
       volume = {886},
       number = {1},
          eid = {49},
        pages = {49},
          doi = {10.3847/1538-4357/ab4c41},
archivePrefix = {arXiv},
       eprint = {1909.02005},
 primaryClass = {astro-ph.CO},
       adsurl = {https://ui.adsabs.harvard.edu/abs/2019ApJ...886...49B},
      adsnote = {Provided by the SAO/NASA Astrophysics Data System}
}



@ARTICLE{Wagner-Carena2021,
       author = {{Wagner-Carena}, Sebastian and {Park}, Ji Won and {Birrer}, Simon and {Marshall}, Philip J. and {Roodman}, Aaron and {Wechsler}, Risa H. and {LSST Dark Energy Science Collaboration}},
        title = "{Hierarchical Inference with Bayesian Neural Networks: An Application to Strong Gravitational Lensing}",
      journal = {\apj},
     keywords = {Strong gravitational lensing, Cosmology, Computational methods, Convolutional neural networks, Hierarchical models, 1643, 343, 1965, 1938, 1925, Astrophysics - Cosmology and Nongalactic Astrophysics, Astrophysics - Instrumentation and Methods for Astrophysics, Computer Science - Machine Learning},
         year = 2021,
        month = mar,
       volume = {909},
       number = {2},
          eid = {187},
        pages = {187},
          doi = {10.3847/1538-4357/abdf59},
archivePrefix = {arXiv},
       eprint = {2010.13787},
 primaryClass = {astro-ph.CO},
       adsurl = {https://ui.adsabs.harvard.edu/abs/2021ApJ...909..187W},
      adsnote = {Provided by the SAO/NASA Astrophysics Data System}
}



@ARTICLE{Troxel2017,
  author = {{Troxel}, M.~A. and {MacCrann}, N. and {Zuntz}, J. and {Eifler}, T.~F. and 
	{Krause}, E. and {Dodelson}, S. and {Gruen}, D. and {Blazek}, J. and 
	{Friedrich}, O. and {Samuroff}, S. and {Prat}, J. and {Secco}, L.~F. and 
	{Davis}, C. and {Fert{\'e}}, A. and {DeRose}, J. and {Alarcon}, A. and 
	{Amara}, A. and {Baxter}, E. and {Becker}, M.~R. and {Bernstein}, G.~M. and 
	{Bridle}, S.~L. and {Cawthon}, R. and {Chang}, C. and {Choi}, A. and 
	{De Vicente}, J. and {Drlica-Wagner}, A. and {Elvin-Poole}, J. and 
	{Frieman}, J. and {Gatti}, M. and {Hartley}, W.~G. and {Honscheid}, K. and 
	{Hoyle}, B. and {Huff}, E.~M. and {Huterer}, D. and {Jain}, B. and 
	{Jarvis}, M. and {Kacprzak}, T. and {Kirk}, D. and {Kokron}, N. and 
	{Krawiec}, C. and {Lahav}, O. and {Liddle}, A.~R. and {Peacock}, J. and 
	{Rau}, M.~M. and {Refregier}, A. and {Rollins}, R.~P. and {Rozo}, E. and 
	{Rykoff}, E.~S. and {S{\'a}nchez}, C. and {Sevilla-Noarbe}, I. and 
	{Sheldon}, E. and {Stebbins}, A. and {Varga}, T.~N. and {Vielzeuf}, P. and 
	{Wang}, M. and {Wechsler}, R.~H. and {Yanny}, B. and {Abbott}, T.~M.~C. and 
	{Abdalla}, F.~B. and {Allam}, S. and {Annis}, J. and {Bechtol}, K. and 
	{Benoit-L{\'e}vy}, A. and {Bertin}, E. and {Brooks}, D. and 
	{Buckley-Geer}, E. and {Burke}, D.~L. and {Carnero Rosell}, A. and 
	{Carrasco Kind}, M. and {Carretero}, J. and {Castander}, F.~J. and 
	{Crocce}, M. and {Cunha}, C.~E. and {D'Andrea}, C.~B. and {da Costa}, L.~N. and 
	{DePoy}, D.~L. and {Desai}, S. and {Diehl}, H.~T. and {Dietrich}, J.~P. and 
	{Doel}, P. and {Fernandez}, E. and {Flaugher}, B. and {Fosalba}, P. and 
	{Garc{\'{\i}}a-Bellido}, J. and {Gaztanaga}, E. and {Gerdes}, D.~W. and 
	{Giannantonio}, T. and {Goldstein}, D.~A. and {Gruendl}, R.~A. and 
	{Gschwend}, J. and {Gutierrez}, G. and {James}, D.~J. and {Jeltema}, T. and 
	{Johnson}, M.~W.~G. and {Johnson}, M.~D. and {Kent}, S. and 
	{Kuehn}, K. and {Kuhlmann}, S. and {Kuropatkin}, N. and {Li}, T.~S. and 
	{Lima}, M. and {Lin}, H. and {Maia}, M.~A.~G. and {March}, M. and 
	{Marshall}, J.~L. and {Martini}, P. and {Melchior}, P. and {Menanteau}, F. and 
	{Miquel}, R. and {Mohr}, J.~J. and {Neilsen}, E. and {Nichol}, R.~C. and 
	{Nord}, B. and {Petravick}, D. and {Plazas}, A.~A. and {Romer}, A.~K. and 
	{Roodman}, A. and {Sako}, M. and {Sanchez}, E. and {Scarpine}, V. and 
	{Schindler}, R. and {Schubnell}, M. and {Smith}, M. and {Smith}, R.~C. and 
	{Soares-Santos}, M. and {Sobreira}, F. and {Suchyta}, E. and 
	{Swanson}, M.~E.~C. and {Tarle}, G. and {Thomas}, D. and {Tucker}, D.~L. and 
	{Vikram}, V. and {Walker}, A.~R. and {Weller}, J. and {Zhang}, Y.
	},
	title = "{Dark Energy Survey Year 1 results: Cosmological constraints from cosmic shear}",
  journal = {ArXiv e-prints},
archivePrefix = "arXiv",
  eprint = {1708.01538},
 keywords = {Astrophysics - Cosmology and Nongalactic Astrophysics},
	 year = 2017,
	month = aug,
  adsurl = {http://adsabs.harvard.edu/abs/2017arXiv170801538T},
  adsnote = {Provided by the SAO/NASA Astrophysics Data System}
}

@ARTICLE{Oldham2017,
  author = {{Oldham}, L. and {Auger}, M.~W. and {Fassnacht}, C.~D. and {Treu}, T. and 
	{Brewer}, B.~J. and {Koopmans}, L.~V.~E. and {Lagattuta}, D. and 
	{Marshall}, P. and {McKean}, J. and {Vegetti}, S.},
	title = "{Red nuggets grow inside-out: evidence from gravitational lensing}",
  journal = {\mnras},
archivePrefix = "arXiv",
  eprint = {1611.00008},
 keywords = {gravitational lensing: strong, galaxies: elliptical and lenticular, cD, galaxies: evolution, galaxies: structure},
	 year = 2017,
	month = mar,
  volume = 465,
	pages = {3185--3202},
	  doi = {10.1093/mnras/stw2832},
  adsurl = {http://adsabs.harvard.edu/abs/2017MNRAS.465.3185O},
  adsnote = {Provided by the SAO/NASA Astrophysics Data System}
}

@ARTICLE{Stacey2018,
  author = {{Stacey}, H.~R. and {McKean}, J.~P. and {Robertson}, N.~C. and 
	{Ivison}, R.~J. and {Isaak}, K.~G. and {Schleicher}, D.~R.~G. and 
	{van der Werf}, P.~P. and {Baan}, W.~A. and {Berciano Alba}, A. and 
	{Garrett}, M.~A. and {Loenen}, A.~F.},
	title = "{Gravitational lensing reveals extreme dust-obscured star formation in quasar host galaxies}",
  journal = {\mnras},
archivePrefix = "arXiv",
  eprint = {1705.10530},
 keywords = {gravitational lensing: strong, galaxies: evolution, quasars: general, galaxies: star formation, infrared: galaxies, submillimetre: galaxies},
	 year = 2018,
	month = jun,
  volume = 476,
	pages = {5075--5114},
	  doi = {10.1093/mnras/sty458},
  adsurl = {http://adsabs.harvard.edu/abs/2018MNRAS.476.5075S},
  adsnote = {Provided by the SAO/NASA Astrophysics Data System}
}

@ARTICLE{Talbot2018,
  author = {{Talbot}, M.~S. and {Brownstein}, J.~R. and {Bolton}, A.~S. and 
	{Bundy}, K. and {Andrews}, B.~H. and {Cherinka}, B. and {Collett}, T.~E. and 
	{More}, A. and {More}, S. and {Sonnenfeld}, A. and {Vegetti}, S. and 
	{Wake}, D.~A. and {Weijmans}, A.-M. and {Westfall}, K.~B.},
	title = "{SDSS-IV MaNGA: the spectroscopic discovery of strongly lensed galaxies}",
  journal = {\mnras},
archivePrefix = "arXiv",
  eprint = {1803.03604},
 keywords = {gravitational lensing: strong, galaxies: general},
	 year = 2018,
	month = jun,
  volume = 477,
	pages = {195--209},
	  doi = {10.1093/mnras/sty653},
  adsurl = {http://adsabs.harvard.edu/abs/2018MNRAS.477..195T},
  adsnote = {Provided by the SAO/NASA Astrophysics Data System}
}

@ARTICLE{CosmoDC2,
   author = {{Korytov}, Danila and {Hearin}, Andrew and {Kovacs}, Eve and
     {Larsen}, Patricia and {Rangel}, Esteban and {Hollowed}, Joseph and
     {Benson}, Andrew J. and {Heitmann}, Katrin and {Mao}, Yao-Yuan and
     {Bahmanyar}, Anita and {Chang}, Chihway and {Campbell}, Duncan and
     {Derose}, Joseph and {Finkel}, Hal and {Frontiere}, Nicholas and
     {Gawiser}, Eric and {Habib}, Salman and {Joachimi}, Benjamin and
     {Lanusse}, Fran{\c{c}}ois and {Li}, Nan and {Mandelbaum}, Rachel and
     {Morrison}, Christopher and {Newman}, Jeffrey A. and {Pope}, Adrian and
     {Rykoff}, Eli and {Simet}, Melanie and {To}, Chun-Hao and
     {Vikraman}, Vinu and {Wechsler}, Risa H. and {White}, Martin},
    title = "{CosmoDC2: A Synthetic Sky Catalog for Dark Energy Science with LSST}",
  journal = {arXiv e-prints},
 keywords = {Astrophysics - Cosmology and Nongalactic Astrophysics, Astrophysics - Astrophysics of Galaxies},
     year = "2019",
    month = "Jul",
      eid = {arXiv:1907.06530},
    pages = {arXiv:1907.06530},
archivePrefix = {arXiv},
   eprint = {1907.06530},
primaryClass = {astro-ph.CO},
   adsurl = {https://ui.adsabs.harvard.edu/abs/2019arXiv190706530K},
  adsnote = {Provided by the SAO/NASA Astrophysics Data System}
}

@ARTICLE{PICS,
       author = {{Li}, Nan and {Gladders}, Michael D. and {Rangel}, Esteban M. and
         {Florian}, Michael K. and {Bleem}, Lindsey E. and {Heitmann}, Katrin and
         {Habib}, Salman and {Fasel}, Patricia},
        title = "{PICS:} Simulations of Strong Gravitational Lensing in Galaxy Clusters",
      journal = {\apj},
     keywords = {galaxies: clusters: general, gravitational lensing: strong, methods: numerical, Astrophysics - Cosmology and Nongalactic Astrophysics},
         year = "2016",
        month = "Sep",
       volume = {828},
       number = {1},
          eid = {54},
        pages = {54},
          doi = {10.3847/0004-637X/828/1/54},
archivePrefix = {arXiv},
       eprint = {1511.03673},
 primaryClass = {astro-ph.CO},
       adsurl = {https://ui.adsabs.harvard.edu/abs/2016ApJ...828...54L},
      adsnote = {Provided by the SAO/NASA Astrophysics Data System}
}

@ARTICLE{Koopmans2006,
       author = {{Koopmans}, L{\'e}on V.~E. and {Treu}, Tommaso and {Bolton}, Adam S. and
         {Burles}, Scott and {Moustakas}, Leonidas A.},
        title = "{The Sloan Lens ACS Survey, III:} The Structure and Formation of Early-Type Galaxies and Their Evolution since z \raisebox{-0.5ex}\textasciitilde 1",
      journal = {\apj},
     keywords = {Galaxies: Elliptical and Lenticular, cD, Galaxies: Evolution, Galaxies: Formation, Galaxies: Structure, Cosmology: Gravitational Lensing, Astrophysics},
         year = "2006",
        month = "Oct",
       volume = {649},
       number = {2},
        pages = {599--615},
          doi = {10.1086/505696},
archivePrefix = {arXiv},
       eprint = {astro-ph/0601628},
 primaryClass = {astro-ph},
       adsurl = {https://ui.adsabs.harvard.edu/abs/2006ApJ...649..599K},
      adsnote = {Provided by the SAO/NASA Astrophysics Data System}
}

@ARTICLE{Gavazzi2007,
       author = {{Gavazzi}, Rapha{\"e}l and {Treu}, Tommaso and {Rhodes}, Jason D. and
         {Koopmans}, L{\'e}on V.~E. and {Bolton}, Adam S. and {Burles}, Scott and
         {Massey}, Richard J. and {Moustakas}, Leonidas A.},
        title = "{The Sloan Lens ACS Survey, IV:} The Mass Density Profile of Early-Type Galaxies out to 100 Effective Radii",
      journal = {\apj},
     keywords = {Cosmology: Dark Matter, Galaxies: Elliptical and Lenticular, cD, Galaxies: Structure, Cosmology: Gravitational Lensing, Astrophysics},
         year = "2007",
        month = "Sep",
       volume = {667},
       number = {1},
        pages = {176--190},
          doi = {10.1086/519237},
archivePrefix = {arXiv},
       eprint = {astro-ph/0701589},
 primaryClass = {astro-ph},
       adsurl = {https://ui.adsabs.harvard.edu/abs/2007ApJ...667..176G},
      adsnote = {Provided by the SAO/NASA Astrophysics Data System}
}

@ARTICLE{Dye2008,
       author = {{Dye}, S. and {Evans}, N.~W. and {Belokurov}, V. and {Warren}, S.~J. and
         {Hewett}, P.},
        title = "{Models of the Cosmic Horseshoe gravitational lens J1004+4112}",
      journal = {\mnras},
     keywords = {gravitational lensing, galaxies: structure, Astrophysics},
         year = "2008",
        month = "Jul",
       volume = {388},
       number = {1},
        pages = {384-392},
          doi = {10.1111/j.1365-2966.2008.13401.x},
archivePrefix = {arXiv},
       eprint = {0804.4002},
 primaryClass = {astro-ph},
       adsurl = {https://ui.adsabs.harvard.edu/abs/2008MNRAS.388..384D},
      adsnote = {Provided by the SAO/NASA Astrophysics Data System}
}

#proceeding

@ARTICLE{Connolly2010,
author = { A. J. Connolly and John Peterson and J. Garrett Jernigan and Robert Abel and Justin Bankert and Chihway Chang and Charles F. Claver and Robert Gibson and David K. Gilmore and Emily Grace and R. Lynne Jones and Zeljko Ivezic and James Jee and Mario Juric and Steven M. Kahn and Victor L. Krabbendam and Simon Krughoff and Suzanne Lorenz and James Pizagno and Andrew Rasmussen and Nathan Todd and J. Anthony Tyson and Mallory Young},
title = {Simulating the LSST system},
journal = {SPIE},
volume = {7738},
year = {2010},
doi = {10.1117/12.857819},
URL = {https://doi.org/10.1117/12.857819},
}

@ARTICLE{Huang2020,
       author = {{Huang}, X. and {Storfer}, C. and {Ravi}, V. and {Pilon}, A. and {Domingo}, M. and {Schlegel}, D.~J. and {Bailey}, S. and {Dey}, A. and {Gupta}, R.~R. and {Herrera}, D. and {Juneau}, S. and {Landriau}, M. and {Lang}, D. and {Meisner}, A. and {Moustakas}, J. and {Myers}, A.~D. and {Schlafly}, E.~F. and {Valdes}, F. and {Weaver}, B.~A. and {Yang}, J. and {Y{\`e}che}, C.},
        title = "{Finding Strong Gravitational Lenses in the DESI DECam Legacy Survey}",
      journal = {\apj},
     keywords = {1643, 734, 573, 584, 597, Astrophysics - Astrophysics of Galaxies, Astrophysics - Cosmology and Nongalactic Astrophysics},
         year = 2020,
        month = may,
       volume = {894},
       number = {1},
          eid = {78},
        pages = {78},
          doi = {10.3847/1538-4357/ab7ffb},
archivePrefix = {arXiv},
       eprint = {1906.00970},
 primaryClass = {astro-ph.GA},
       adsurl = {https://ui.adsabs.harvard.edu/abs/2020ApJ...894...78H},
      adsnote = {Provided by the SAO/NASA Astrophysics Data System}
}

@ARTICLE{Huang2021,
       author = {{Huang}, X. and {Storfer}, C. and {Gu}, A. and {Ravi}, V. and {Pilon}, A. and {Sheu}, W. and {Venguswamy}, R. and {Banka}, S. and {Dey}, A. and {Landriau}, M. and {Lang}, D. and {Meisner}, A. and {Moustakas}, J. and {Myers}, A.~D. and {Sajith}, R. and {Schlafly}, E.~F. and {Schlegel}, D.~J.},
        title = "{Discovering New Strong Gravitational Lenses in the DESI Legacy Imaging Surveys}",
      journal = {\apj},
     keywords = {Strong gravitational lensing, High-redshift galaxies, AGN host galaxies, Galaxies, Galaxy clusters, Galaxy groups, Quasars, 1643, 734, 2017, 573, 584, 597, 1319, Astrophysics - Instrumentation and Methods for Astrophysics},
         year = 2021,
        month = mar,
       volume = {909},
       number = {1},
          eid = {27},
        pages = {27},
          doi = {10.3847/1538-4357/abd62b},
archivePrefix = {arXiv},
       eprint = {2005.04730},
 primaryClass = {astro-ph.IM},
       adsurl = {https://ui.adsabs.harvard.edu/abs/2021ApJ...909...27H},
      adsnote = {Provided by the SAO/NASA Astrophysics Data System}
}

@ARTICLE{Kormann1994,
       author = {{Kormann}, R. and {Schneider}, P. and {Bartelmann}, M.},
        title = "{Isothermal elliptical gravitational lens models.}",
      journal = {\aap},
     keywords = {Astronomical Models, Ellipsoids, Gravitational Lenses, Isothermal Processes, Mass Distribution, Critical Velocity, Distortion, Finite Difference Theory, Vector Analysis, Astrophysics, GRAVITATION, GRAVITATIONAL LENSING},
         year = 1994,
        month = apr,
       volume = {284},
        pages = {285-299},
       adsurl = {https://ui.adsabs.harvard.edu/abs/1994A&A...284..285K},
      adsnote = {Provided by the SAO/NASA Astrophysics Data System}
}

@BOOK{Sersic1968,
       author = {{Sersic}, Jose Luis},
        title = "{Atlas de Galaxias Australes}",
         year = {1968},
         publisher= {Universidad Nacional de Cordoba},
       adsurl = {https://ui.adsabs.harvard.edu/abs/1968adga.book.....S},
      adsnote = {Provided by the SAO/NASA Astrophysics Data System}
}
