@article{trifinger-platform,
  author    = {Manuel W{\"{u}}thrich and
               Felix Widmaier and
               Felix Grimminger and
               Joel Akpo and
               Shruti Joshi and
               Vaibhav Agrawal and
               Bilal Hammoud and
               Majid Khadiv and
               Miroslav Bogdanovic and
               Vincent Berenz and
               Julian Viereck and
               Maximilien Naveau and
               Ludovic Righetti and
               Bernhard Sch{\"{o}}lkopf and
               Stefan Bauer},
  title     = {TriFinger: An Open-Source Robot for Learning Dexterity},
  journal   = {},
  ign-volume    = {abs/2008.03596},
  year      = {2020},
  url       = {https://arxiv.org/abs/2008.03596},
  archivePrefix = {arXiv},
  eprint    = {2008.03596},
  timestamp = {Fri, 14 Aug 2020 15:14:45 +0200},
  biburl    = {},
  bibsource = {}
}

@article{coumans2013bullet,
  title={Bullet physics library},
  author={Coumans, Erwin and others},
  journal={Open source: bulletphysics. org},
  ign-volume={15},
  number={49},
  ign-pages={5},
  year={2013}
}

@article{pybullet,
  title={Pybullet, a python module for physics simulation for games, robotics and machine learning},
  author={Coumans, Erwin and Bai, Yunfei},
  year={2016}
}

@ARTICLE{kehoe2015cloudrobsurvey,
  author={Kehoe, Ben and Patil, Sachin and Abbeel, Pieter and Goldberg, Ken},
  journal={IEEE Transactions on Automation Science and Engineering}, 
  title={A Survey of Research on Cloud Robotics and Automation}, 
  year={2015},
  ign-volume={12},
  number={2},
  ign-pages={398-409},
  doi={10.1109/TASE.2014.2376492}}
  
@article{causalworld,
  author    = {Ossama Ahmed and
               Frederik Tr{\"{a}}uble and
               Anirudh Goyal and
               Alexander Neitz and
               Manuel W{\"{u}}thrich and
               Yoshua Bengio and
               Bernhard Sch{\"{o}}lkopf and
               Stefan Bauer},
  title     = {CausalWorld: {A} Robotic Manipulation Benchmark for Causal Structure
               and Transfer Learning},
  journal   = {CoRR},
  ign-volume    = {abs/2010.04296},
  year      = {2020},
  url       = {https://arxiv.org/abs/2010.04296},
  archivePrefix = {arXiv},
  eprint    = {2010.04296},
  timestamp = {Tue, 13 Oct 2020 15:25:23 +0200},
  biburl    = {https://dblp.org/rec/journals/corr/abs-2010-04296.bib},
  bibsource = {dblp computer science bibliography, https://dblp.org}
}

@article{trifinger-benchmarking,
  author    = {Niklas Funk and
               Charles B. Schaff and
               Rishabh Madan and
               Takuma Yoneda and
               Julen Urain De Jesus and
               Joe Watson and
               Ethan K. Gordon and
               Felix Widmaier and
               Stefan Bauer and
               Siddhartha S. Srinivasa and
               Tapomayukh Bhattacharjee and
               Matthew R. Walter and
               Jan Peters},
  title     = {Benchmarking Structured Policies and Policy Optimization for Real-World
               Dexterous Object Manipulation},
  journal   = {},
  ign-volume    = {abs/2105.02087},
  year      = {2021},
  url       = {https://arxiv.org/abs/2105.02087},
  archivePrefix = {arXiv},
  eprint    = {2105.02087},
  timestamp = {Wed, 12 May 2021 15:54:31 +0200},
  biburl    = {},
  bibsource = {}
}

@article{openai-sh,
  author    = {OpenAI and
               Marcin Andrychowicz and
               Bowen Baker and
               Maciek Chociej and
               Rafal J{\'{o}}zefowicz and
               Bob McGrew and
               Jakub W. Pachocki and
               Jakub Pachocki and
               Arthur Petron and
               Matthias Plappert and
               Glenn Powell and
               Alex Ray and
               Jonas Schneider and
               Szymon Sidor and
               Josh Tobin and
               Peter Welinder and
               Lilian Weng and
               Wojciech Zaremba},
  title     = {Learning Dexterous In-Hand Manipulation},
  journal   = {},
  ign-volume    = {abs/1808.00177},
  year      = {2018},
  url       = {http://arxiv.org/abs/1808.00177},
  archivePrefix = {arXiv},
  eprint    = {1808.00177},
  timestamp = {Fri, 08 Nov 2019 12:50:52 +0100},
  biburl    = {},
  bibsource = {}
}

@article{Hwangbo_2019,
   title={Learning agile and dynamic motor skills for legged robots},
   ign-volume={4},
   ISSN={2470-9476},
   DOI={10.1126/scirobotics.aau5872},
   number={26},
   journal={Science Robotics},
   publisher={American Association for the Advancement of Science (AAAS)},
   author={Hwangbo, Jemin and Lee, Joonho and Dosovitskiy, Alexey and Bellicoso, Dario and Tsounis, Vassilios and Koltun, Vladlen and Hutter, Marco},
   year={2019},
   month={Jan},
   ign-pages={}
}

@inproceedings{fan2017real,
  title={Real-time robust finger gaits planning under object shape and dynamics uncertainties},
  author={Fan, Yongxiang and Tang, Te and Lin, Hsien-Chung and Zhao, Yu and Tomizuka, Masayoshi},
  booktitle={IROS 2017},
  ign-pages={1267--1273},
  year={2017},
  organization={IEEE}
}

@inproceedings{clevert2015fast,
  author    = {Djork{-}Arn{\'{e}} Clevert and
               Thomas Unterthiner and
               Sepp Hochreiter},
  editor    = {Yoshua Bengio and
               Yann LeCun},
  title     = {Fast and Accurate Deep Network Learning by Exponential Linear Units
               (ELUs)},
  booktitle = {ICLR 2016},
  year      = {2016},
  url       = {http://arxiv.org/abs/1511.07289},
  timestamp = {Sat, 23 Jan 2021 01:12:05 +0100},
  biburl    = {},
  bibsource = {}
}

@INPROCEEDINGS{MuJoCo,
  author={Todorov, Emanuel and Erez, Tom and Tassa, Yuval},
  booktitle={IROS 2012}, 
  title={{MuJoCo: A physics engine for model-based control}}, 
  year={2012},
  ign-volume={},
  number={},
  ign-pages={5026-5033},
  doi={10.1109/IROS.2012.6386109}}

@article{makoviychuk2021isaac,
  author    = {Viktor Makoviychuk and
               Lukasz Wawrzyniak and
               Yunrong Guo and
               Michelle Lu and
               Kier Storey and
               Miles Macklin and
               David Hoeller and
               Nikita Rudin and
               Arthur Allshire and
               Ankur Handa and
               Gavriel State},
  title     = {{Isaac Gym: High Performance GPU-Based Physics Simulation For Robot Learning}},
  journal   = {},
  year      = {2021},
  url       = {https://arxiv.org/abs/2108.10470},
  eprinttype = {arXiv},
  eprint    = {2108.10470}
}


@inproceedings{kumar2014real,
  title={Real-time behaviour synthesis for dynamic hand-manipulation},
  author={Kumar, Vikash and Tassa, Yuval and Erez, Tom and Todorov, Emanuel},
  booktitle={ICRA 2014},
  ign-pages={6808--6815},
  year={2014},
  organization={IEEE}
}
@inproceedings{okamura2000overview,
  title={An overview of dexterous manipulation},
  author={Okamura, Allison M and Smaby, Niels and Cutkosky, Mark R},
  booktitle={Proceedings 2000 ICRA.},
  ign-volume={1},
  ign-pages={255--262},
  year={2000},
  organization={IEEE}
}

@inproceedings{li2020learning,
  title={Learning hierarchical control for robust in-hand manipulation},
  author={Li, Tingguang and Srinivasan, Krishnan and Meng, Max Qing-Hu and Yuan, Wenzhen and Bohg, Jeannette},
  booktitle={ICRA 2020},
  year={2020},
  organization={IEEE}
}

@article{isaacgym,
  author    = {NVIDIA},
  title     = {IsaacGym},
  year      = {2020},
  url       = {https://developer.nvidia.com/isaac-gym},
}

@misc{zhou2020continuity,
      title={On the Continuity of Rotation Representations in Neural Networks}, 
      author={Yi Zhou and Connelly Barnes and Jingwan Lu and Jimei Yang and Hao Li},
      year={2020},
      eprint={1812.07035},
      archivePrefix={arXiv},
      primaryClass={cs.LG}
}

 @InProceedings{pmlr-v87-liang18a, 
 title = {{GPU-Accelerated Robotic Simulation for Distributed Reinforcement Learning}}, author = {Liang, Jacky and Makoviychuk, Viktor and Handa, Ankur and Chentanez, Nuttapong and Macklin, Miles and Fox, Dieter}, 
 booktitle = {CoRL 2018}, 
 year = {2018}, 
 publisher = {PMLR}, 
 pdf = {http://proceedings.mlr.press/v87/liang18a/liang18a.pdf}, 
 url = {http://proceedings.mlr.press/v87/liang18a.html}
 } 
 
 @misc{schulman2017proximal,
      title={Proximal Policy Optimization Algorithms}, 
      author={John Schulman and Filip Wolski and Prafulla Dhariwal and Alec Radford and Oleg Klimov},
      year={2017},
      eprint={1707.06347},
      archivePrefix={arXiv},
      primaryClass={cs.LG}
}


@inproceedings{
	Jason:ICRA:2018, 
	author={Xue Bin Peng and Marcin Andrychowicz and Wojciech Zaremba and Pieter Abbeel}, 
	booktitle={ICRA 2018}, 
	title={Sim-to-Real Transfer of Robotic Control with Dynamics Randomization}, 
	year={2018}, 
	month={May}
}

@article{openai-rubiks,
  author    = {OpenAI and
               Ilge Akkaya and
               Marcin Andrychowicz and
               Maciek Chociej and
               Mateusz Litwin and
               Bob McGrew and
               Arthur Petron and
               Alex Paino and
               Matthias Plappert and
               Glenn Powell and
               Raphael Ribas and
               Jonas Schneider and
               Nikolas Tezak and
               Jerry Tworek and
               Peter Welinder and
               Lilian Weng and
               Qiming Yuan and
               Wojciech Zaremba and
               Lei Zhang},
  title     = {Solving Rubik's Cube with a Robot Hand},
  journal   = {},
  ign-volume    = {abs/1910.07113},
  year      = {2019},
  url       = {http://arxiv.org/abs/1910.07113},
  archivePrefix = {arXiv},
  eprint    = {1910.07113},
  timestamp = {Fri, 08 Nov 2019 12:50:47 +0100},
  biburl    = {},
  bibsource = {}
}

@misc{shi2020circus,
      title={Circus ANYmal: A Quadruped Learning Dexterous Manipulation with Its Limbs}, 
      author={Fan Shi and Timon Homberger and Joonho Lee and Takahiro Miki and Moju Zhao and Farbod Farshidian and Kei Okada and Masayuki Inaba and Marco Hutter},
      year={2020},
      eprint={2011.08811},
      archivePrefix={arXiv},
      primaryClass={cs.RO}
}

@misc{chebotar2019closing,
      title={Closing the Sim-to-Real Loop: Adapting Simulation Randomization with Real World Experience}, 
      author={Yevgen Chebotar and Ankur Handa and Viktor Makoviychuk and Miles Macklin and Jan Issac and Nathan Ratliff and Dieter Fox},
      year={2019},
      eprint={1810.05687},
      archivePrefix={arXiv},
      primaryClass={cs.RO}
}

@misc{real-robot-challenge,
      title={Real Robot Challenge}, 
      year={2020},
      url= {https://real-robot-challenge.com},
}

@article{rrc-submission-yoneda,
  author    = {Takuma Yoneda and
               Charles B. Schaff and
               Takahiro Maeda and
               Matthew R. Walter},
  title     = {Grasp and Motion Planning for Dexterous Manipulation for the Real
               Robot Challenge},
  journal   = {},
  ign-volume    = {abs/2101.02842},
  year      = {2021},
  url       = {https://arxiv.org/abs/2101.02842},
  archivePrefix = {arXiv},
  eprint    = {2101.02842},
  timestamp = {Thu, 21 Jan 2021 14:42:30 +0100},
  biburl    = {},
  bibsource = {}
}

@article{rrc-submission-chen,
  author    = {Claire Chen and
               Krishnan Srinivasan and
               Jeffrey Zhang and
               Junwu Zhang},
  title     = {Dexterous Manipulation Primitives for the Real Robot Challenge},
  journal   = {CoRR},
  ign-volume    = {abs/2101.11597},
  year      = {2021},
  url       = {https://arxiv.org/abs/2101.11597},
  archivePrefix = {arXiv},
  eprint    = {2101.11597},
  timestamp = {Sun, 31 Jan 2021 17:23:50 +0100},
  biburl    = {https://dblp.org/rec/journals/corr/abs-2101-11597.bib},
  bibsource = {dblp computer science bibliography, https://dblp.org}
}


@misc{trifinger-object-tracking,
      title={Trifinger Object Tracking}, 
      author={Manuel Wüthrich and Felix Widmaier and Ossama Ahmed and Vaibhav Agrawal},
      year={2020},
      url= {https://github.com/open-dynamic-robot-initiative/trifinger_object_tracking},
}


@article{asymmetric-ac,
  author    = {Lerrel Pinto and
               Marcin Andrychowicz and
               Peter Welinder and
               Wojciech Zaremba and
               Pieter Abbeel},
  title     = {Asymmetric Actor Critic for Image-Based Robot Learning},
  journal   = {},
  ign-volume    = {abs/1710.06542},
  year      = {2017},
  url       = {http://arxiv.org/abs/1710.06542},
  archivePrefix = {arXiv},
  eprint    = {1710.06542},
  timestamp = {Mon, 13 Aug 2018 16:46:28 +0200},
  biburl    = {},
  bibsource = {}
}

@article{openai-dr,
  author    = {Joshua Tobin and
               Rachel Fong and
               Alex Ray and
               Jonas Schneider and
               Wojciech Zaremba and
               Pieter Abbeel},
  title     = {Domain Randomization for Transferring Deep Neural Networks from Simulation
               to the Real World},
  journal   = {CoRR},
  ign-volume    = {abs/1703.06907},
  year      = {2017},
  url       = {http://arxiv.org/abs/1703.06907},
  archivePrefix = {arXiv},
  eprint    = {1703.06907},
  timestamp = {Fri, 08 Nov 2019 12:51:01 +0100},
  biburl    = {https://dblp.org/rec/journals/corr/TobinFRSZA17.bib},
  bibsource = {dblp computer science bibliography, https://dblp.org}
}


@article{monoslam,
  author={Davison, Andrew J. and Reid, Ian D. and Molton, Nicholas D. and Stasse, Olivier},

  journal={IEEE Transactions on Pattern Analysis and Machine Intelligence}, 

  title={MonoSLAM: Real-Time Single Camera SLAM}, 

  year={2007},

  ign-volume={29},

  number={6},

  ign-pages={1052-1067},

  doi={10.1109/TPAMI.2007.1049}}

@software{brax2021github,
  author = {C. Daniel Freeman and Erik Frey and Anton Raichuk and Sertan Girgin and Igor Mordatch and Olivier Bachem},
  title = {Brax - A Differentiable Physics Engine for Large Scale Rigid Body Simulation},
  url = {http://github.com/google/brax},
  version = {0.1.0},
  year = {2021},
}

@misc{rl-games,
      title={RL Games}, 
      author={Denys Makoviichuk and Viktor Makoviychuk},
      year={2021},
      url= {https://github.com/Denys88/rl_games/},
}


@inproceedings{mandlekar2017arpl,
  title={{Adversarially Robust Policy Learning through Active Construction of Physically-Plausible Perturbations}},
  author={Mandlekar*,Ajay and Zhu*, Yuke and Garg*, Animesh and Fei-Fei, Li and  Savarese (* equal contribution), Silvio},
  booktitle={IROS 2017},
  year={2017}
}

@ARTICLE{YCB,

  author={Calli, Berk and Walsman, Aaron and Singh, Arjun and Srinivasa, Siddhartha and Abbeel, Pieter and Dollar, Aaron M.},

  journal={IEEE Robotics   Automation Magazine}, 

  title={Benchmarking in Manipulation Research: Using the Yale-CMU-Berkeley Object and Model Set}, 

  year={2015},

  ign-volume={22},

  number={3},

  ign-pages={36-52},

  doi={10.1109/MRA.2015.2448951}
}

@inproceedings{tremblay2018deep,
 author = {Jonathan Tremblay and Thang To and Balakumar Sundaralingam and Yu Xiang and Dieter Fox and Stan Birchfield},
 title = {\href{https://arxiv.org/abs/1809.10790}{Deep Object Pose Estimation for Semantic Robotic Grasping of Household Objects}},
 booktitle = {CoRL},
 year = 2018
}

@article{chen21,
  author    = {Tao Chen and
               Jie Xu and
               Pulkit Agrawal},
  title     = {A System for General In-Hand Object Re-Orientation},
  journal   = {},
  ign-volume    = {abs/2111.03043},
  year      = {2021},
  url       = {https://arxiv.org/abs/2111.03043},
  eprinttype = {arXiv},
  eprint    = {2111.03043},
  timestamp = {Fri, 05 Nov 2021 15:25:54 +0100},
  biburl    = {},
  bibsource = {}
}

@article{huang21,
  author    = {Wenlong Huang and
               Igor Mordatch and
               Pieter Abbeel and
               Deepak Pathak},
  title     = {Generalization in Dexterous Manipulation via Geometry-Aware Multi-Task
               Learning},
  journal   = {},
  ign-volume    = {abs/2111.03062},
  year      = {2021},
  url       = {https://arxiv.org/abs/2111.03062},
  eprinttype = {arXiv},
  eprint    = {2111.03062},
  timestamp = {Fri, 05 Nov 2021 15:25:54 +0100},
  biburl    = {},
  bibsource = {}
}

@article{bayessim,
  author    = {Fabio Ramos and
               Rafael Carvalhaes Possas and
               Dieter Fox},
  title     = {BayesSim: adaptive domain randomization via probabilistic inference
               for robotics simulators},
  journal   = {},
  ign-volume    = {abs/1906.01728},
  year      = {2019},
  url       = {http://arxiv.org/abs/1906.01728},
  eprinttype = {arXiv},
  eprint    = {1906.01728},
  timestamp = {Thu, 13 Jun 2019 13:36:00 +0200},
  biburl    = {},
  bibsource = {}
}

@article{cosypose,
  author    = {Yann Labb{\'{e}} and
               Justin Carpentier and
               Mathieu Aubry and
               Josef Sivic},
  title     = {CosyPose: Consistent multi-view multi-object 6D pose estimation},
  journal   = {},
  ign-volume    = {abs/2008.08465},
  year      = {2020},
  url       = {https://arxiv.org/abs/2008.08465},
  eprinttype = {arXiv},
  eprint    = {2008.08465},
  timestamp = {Fri, 21 Aug 2020 15:05:50 +0200},
  biburl    = {},
  bibsource = {}
}

@article{reproducible-cluster,
  author    = {Stefan Bauer and
               Felix Widmaier and
               Manuel W{\"{u}}thrich and
               Niklas Funk and
               Julen Urain De Jesus and
               Jan Peters and
               Joe Watson and
               Claire Chen and
               Krishnan Srinivasan and
               Junwu Zhang and
               Jeffrey Zhang and
               Matthew R. Walter and
               Rishabh Madan and
               Charles B. Schaff and
               Takahiro Maeda and
               Takuma Yoneda and
               Denis Yarats and
               Arthur Allshire and
               Ethan K. Gordon and
               Tapomayukh Bhattacharjee and
               Siddhartha S. Srinivasa and
               Animesh Garg and
               Annika Buchholz and
               Sebastian Stark and
               Thomas Steinbrenner and
               Joel Akpo and
               Shruti Joshi and
               Vaibhav Agrawal and
               Bernhard Sch{\"{o}}lkopf},
  title     = {A Robot Cluster for Reproducible Research in Dexterous Manipulation},
  journal   = {},
  volume    = {abs/2109.10957},
  year      = {2021},
  url       = {https://arxiv.org/abs/2109.10957},
  eprinttype = {arXiv},
  eprint    = {2109.10957},
  timestamp = {Mon, 27 Sep 2021 15:21:05 +0200},
  biburl    = {},
  bibsource = {}
}
