% Encoding: UTF-8
@book{read1988,
  title={Goodness-of-fit statistics for discrete multivariate data},
  author={Read, Timothy RC and Cressie, Noel AC},
  year={1988},
  publisher={Springer-Verlag}
}


@book{bertsekas1995DP,
  title={Dynamic programming and optimal control},
  author={Bertsekas, Dimitri P},
  volume={1},
  number={2},
  year={2017},
  edition={4th},
  publisher={Athena scientific Belmont, MA}
}

@book{birge2011SP,
  Title                    = {Introduction to Stochastic Programming},
  Author                   = {J. R. Birge and F. Louveaux},
  Publisher                = {Springer, New York},
  Edition={2nd},
  Year                     = {2011}
}

@book{friedman2016SL,
  title={The elements of statistical learning},
  author={Friedman, Jerome and Hastie, Trevor and Tibshirani, Robert},
  volume={1},
  year={2016},
  edition={2nd},
  publisher={Springer series in statistics New York}
}

@book{james2013SL,
  title={An introduction to statistical learning},
  author={James, Gareth and Witten, Daniela and Hastie, Trevor and Tibshirani, Robert},
  volume={112},
  year={2013},
  publisher={Springer}
}


@incollection{fu2016SO,
	author	= "Fu, Michael C",
	title	= "Handbook of simulation optimization",
	booktitle= "International Series in Operations Research \& Management Science",
	publisher= "Springer",
	editor	= "Camille C. Price",
	volume	= "216",
	year	= "2016",
}


@InCollection{pasupathy2013SO,
  title={Simulation optimization: A concise overview and implementation guide},
  author={Pasupathy, Raghu and Ghosh, Soumyadip},
  booktitle={Theory Driven by Influential Applications},
  volume={7},
  pages={122--150},
  year={2013},
  publisher={{INFORMS} Tut{OR}ials in Operations Research}
}

@book{puterman2005MDP,
  title={Markov decision processes: discrete stochastic dynamic programming},
  author={Puterman, Martin L},
  year={2005},
  publisher={John Wiley \& Sons}
}

@Book{shapiro2014SP,
  Title                    = {Lectures on stochastic programming: modeling and theory},
  Author                   = {Shapiro, Alexander and Dentcheva, Darinka and Ruszczy\'{n}ski, Andrzej},
  Publisher                = {Society for Industrial and Applied Mathematics, Philadelphia, USA},
  Year                     = {2014},
  Edition={2nd},
  Series                   = {MPS-SIAM series on optimization}
}

@Article{artzner1999,
  author  = {Artzner, Philippe and Delbaen, Freddy and Eber, Jean-Marc and Heath, David},
  title   = {Coherent Measures of Risk},
  journal = {Math. Financ.},
  year    = {1999},
  volume  = {9},
  number  = {3},
  pages   = {203--228},
}

@InCollection{scarf1958,
  author    = {Scarf, Herbert},
  title     = {A min-max solution of an inventory problem},
  booktitle = {Studies in the mathematical theory of inventory and production},
  year      = {1958},
  editor    = {Scarf, Herbert and Arrow, KJ and Karlin, S},
  volume    = {10},
  publisher = {Stanford University Press, Stanford, CA},
  pages     = {201--209},
}

@Article{gallego1993,
  author    = {Gallego, Guillermo and Moon, Ilkyeong},
  title     = {The distribution free newsboy problem: review and extensions},
  journal   = {J. Oper. Res. Soc.},
  year      = {1993},
  volume    = {44},
  number    = {8},
  pages     = {825--834},
  publisher = {Springer},
}

@Article{chen2010joint,
  author    = {Chen, Wenqing and Sim, Melvyn and Sun, Jie and Teo, Chung-Piaw},
  title     = {From CVaR to uncertainty set: Implications in joint chance-constrained optimization},
  journal   = {Oper. Res.},
  year      = {2010},
  volume    = {58},
  number    = {2},
  pages     = {470--485},
  publisher = {INFORMS},
}

@Book{pardo2005,
  author    = {Pardo, Leandro},
  title     = {Statistical inference based on divergence measures},
  year      = {2005},
  publisher = {Chapman \& Hall/CRC Press},
}

@Book{vajda1989,
  author    = {Vajda, Igor},
  title     = {Theory of statistical inference and information},
  year      = {1989},
  volume    = {11},
  publisher = {Kluwer Academic Pub},
}

@InCollection{bayraksan2015,
  author    = {G{\"u}zin Bayraksan and David K. Love},
  title     = {Data-Driven Stochastic Programming Using Phi-Divergences},
  booktitle = {The Operations Research Revolution},
  year      = {2015},
  publisher = {INFORMS Tut{OR}ials in Operations Research},
  pages     = {1--19},
}

@misc{love2015,
  author = {Love, David K. and Bayraksan, G{\"u}zin},
  title  = {Phi-divergence constrained ambiguous stochastic programs for data-driven optimization},
  year   = {2016},
  note   = {Optimization Online \url{http://www.optimization-online.org/DB_HTML/2016/03/5350.html}},
}

@Article{ben2013,
  author    = {Ben-Tal, Aharon and den Hertog, Dick and De Waegenaere, Anja and Melenberg, Bertrand and Rennen, Gijs},
  title     = {Robust solutions of optimization problems affected by uncertain probabilities},
  journal   = {Management Sci.},
  year      = {2013},
  volume    = {59},
  number    = {2},
  pages     = {341--357},
  publisher = {INFORMS},
}

@Article{jiang2016chance,
  author    = {Jiang, Ruiwei and Guan, Yongpei},
  title     = {Data-driven chance constrained stochastic program},
  journal   = {Math. Program.},
  year      = {2016},
  volume    = {158},
  number    = {1-2},
  pages     = {291--327},
  publisher = {Springer},
}

@Article{yanikoglu2012,
  author    = {Yan{\i}ko{\u{g}}lu, {\.I}hsan and den Hertog, Dick},
  title     = {Safe approximations of ambiguous chance constraints using historical data},
  journal   = {INFORMS J. Comput.},
  year      = {2012},
  volume    = {25},
  number    = {4},
  pages     = {666--681},
  publisher = {INFORMS},
}

@Article{calafiore2007,
  author    = {Calafiore, Giuseppe},
  title     = {Ambiguous risk measures and optimal robust portfolios},
  journal   = {SIAM J. Optim.},
  year      = {2007},
  volume    = {18},
  number    = {3},
  pages     = {853--877},
  publisher = {SIAM},
}

@misc{hu2012kullback,
  author = {Hu, Zhaolin and Hong, L Jeff},
  title  = {Kullback-{L}eibler divergence constrained distributionally robust optimization},
  year   = {2012},
  note   = {Optimization Online \url{http://www.optimization-online.org/DB_HTML/2012/11/3677.html}},
}

@misc{hu2013ambiguous,
  author = {Hu, Zhaolin and Hong, L Jeff and So, Anthony Man Cho},
  title  = {Ambiguous probabilistic programs},
  year   = {2013},
  note   = {Optimization Online \url{http://www.optimization-online.org/DB_HTML/2013/09/4039.html}},
}

@Article{liao2013,
  author    = {Liao, S and Van Delft, Christian and Vial, J-P},
  title     = {Distributionally robust workforce scheduling in call centres with uncertain arrival rates},
  journal   = {Optim. Method. Softw.},
  year      = {2013},
  volume    = {28},
  number    = {3},
  pages     = {501--522},
  publisher = {Taylor \& Francis},
}

@Article{jiang2018,
  author    = {Jiang, Ruiwei and Guan, Yongpei},
  title     = {Risk-averse two-stage stochastic program with distributional ambiguity},
  journal   = {Oper. Res.},
  volume={66},
  number={5},
  pages={1390--1405},
  year={2018},
  publisher={INFORMS}
}

@article{rahimian2019NV,
  title={Controlling Risk and Demand Ambiguity in Newsvendor Models},
  author={Rahimian, Hamed and Bayraksan, G{\"u}zin and Homem-De-Mello, Tito},
  journal={Eur. J. Oper. Res.},
  volume={279},
  number={3},
  pages={854--868},
  year={2019},
  publisher={Elsevier},
}


@misc{ji2017,
  title={Data-Driven Optimization of Reward-Risk Ratio Measures},
  author={Ji, Ran and Lejeune, Miguel},
  year={2017},
  note   = {Optimization Online \url{http://www.optimization-online.org/DB_HTML/2017/01/5819.html}},
}

@Article{rahimian2019,
  author  = {Rahimian, Hamed and Bayraksan, G{\"u}zin and Homem-De-Mello, Tito},
  title   = {Identifying effective scenarios in distributionally robust stochastic programs with total variation distance},
  journal = {Math. Program.},
  year    = {2019},
  volume  = {173},
  number  = {1--2},
  pages   = {393--430},
}

@Article{wang2016,
  author    = {Wang, Zizhuo and Glynn, Peter W and Ye, Yinyu},
  title     = {Likelihood robust optimization for data-driven problems},
  journal   = {Comput. Management Sci.},
  year      = {2016},
  volume    = {13},
  number    = {2},
  pages     = {241--261},
  publisher = {Springer},
}

@Article{klabjan2013,
  author    = {Klabjan, Diego and Simchi-Levi, David and Song, Miao},
  title     = {Robust Stochastic Lot-Sizing by Means of Histograms},
  journal   = {Prod. Oper. Management},
  year      = {2013},
  volume    = {22},
  number    = {3},
  pages     = {691--710},
  publisher = {Wiley Online Library},
}

@Article{philpott2018,
  author    = {Philpott, AB and de Matos, VL and Kapelevich, Lea},
  title     = {Distributionally robust {SDDP}},
  journal   = {Comput. Management Sci.},
  year      = {2018},
  volume    = {15},
  number    = {3-4},
  pages     = {431--454},
  publisher = {Springer},
}

@Article{calafiore2006,
  author    = {Calafiore, Giuseppe Carlo and El Ghaoui, Laurent},
  title     = {On distributionally robust chance-constrained linear programs},
  journal   = {J Optimiz Theory App},
  year      = {2006},
  volume    = {130},
  number    = {1},
  pages     = {1--22},
  publisher = {Springer},
}

@techreport{calafiore2005dappl,
  title={On distributionally robust chance-constrained linear programs},
  author={Calafiore, Giuseppe Carlo and El Ghaoui, Laurent},
  year={2005},
  institution ={Politecnico di
Torino, Torino, Italy},
note   = {Available at \url{http://staff.polito.it/giuseppe.calafiore/papers/
JOTA final.pdf}}
}

@Article{wiesemann2013,
  author  = {Wiesemann, Wolfram and Kuhn, Daniel and Rustem, Ber\c{c}},
  title   = {Robust Markov Decision Processes},
  journal = {Math Oper Res},
  year    = {2013},
  volume  = {38},
  number  = {1},
  pages   = {153-183},
}

@Article{calafiore2005,
  author    = {Calafiore, Giuseppe and Campi, Marco C},
  title     = {Uncertain convex programs: randomized solutions and confidence levels},
  journal   = {Math. Program.},
  year      = {2005},
  volume    = {102},
  number    = {1},
  pages     = {25--46},
  publisher = {Springer},
}

@article{campi2004,
  title={Decision making in an uncertain environment: the scenario-based optimization approach},
  author={Campi, MC and Calafiore, G},
  journal={Multiple Participant Decision Making},
  pages={99--111},
  year={2004},
  publisher={Advanced Knowledge International}
}

@Article{campi2008,
  author    = {Campi, Marco C and Garatti, Simone},
  title     = {The exact feasibility of randomized solutions of uncertain convex programs},
  journal   = {SIAM J. Optim.},
  year      = {2008},
  volume    = {19},
  number    = {3},
  pages     = {1211--1230},
  publisher = {SIAM},
}

@Article{care2015,
  author    = {Car\`{e}, A and Garatti, S and Campi, Marco C},
  title     = {Scenario Min-Max Optimization and the Risk of Empirical Costs},
  journal   = {SIAM J. Optim.},
  year      = {2015},
  volume    = {25},
  number    = {4},
  pages     = {2061--2080},
  publisher = {SIAM},
}

@Article{erdougan2006,
  author    = {Erdo{\u{g}}an, E and Iyengar, Garud},
  title     = {Ambiguous chance constrained problems and robust optimization},
  journal   = {Math. Program.},
  year      = {2006},
  volume    = {107},
  number    = {1-2},
  pages     = {37--61},
  publisher = {Springer},
}

@misc{zhao2015,
  author = {Zhao, Chaoyue and Guan, Yongpei},
  title  = {Data-Driven Risk-Averse Two-Stage Stochastic Program with $\zeta$-Structure Probability Metrics},
  year   = {2015},
  note   = {Optimization Online \url{http://www.optimization-online.org/DB_HTML/2015/07/5014.html}},
}


@Article{pflug2017review,
author="Pflug, Georg Ch.
and Pohl, Mathias",
title="A Review on Ambiguity in Stochastic Portfolio Optimization",
journal="Set-Valued and Variational Analysis",
year="2018",
month="Dec",
day="01",
volume="26",
number="4",
pages="733--757",
}




@incollection{mevissen2013,
title = {Data-driven Distributionally Robust Polynomial Optimization},
author = {Mevissen, Martin and Ragnoli, Emanuele and Yu, Jia Yuan},
booktitle = {Advances in Neural Information Processing Systems 26},
editor = {C. J. C. Burges and L. Bottou and M. Welling and Z. Ghahramani and K. Q. Weinberger},
pages = {37--45},
year = {2013},
publisher = {Curran Associates, Inc.},
url = {http://papers.nips.cc/paper/4943-data-driven-distributionally-robust-polynomial-optimization.pdf}
}

@misc{huang2017,
  title={A Study of Distributionally Robust Multistage Stochastic Optimization},
  author={Huang, Jianqiu and Zhou, Kezhuo and Guan, Yongpei},
  note={{\tt arXiv preprint arXiv:1708.07930 [math.OC]}},
  year={2017}
}

@misc{nguyen2018,
  title={Distributionally Robust Inverse Covariance Estimation: The {W}asserstein Shrinkage Estimator},
  author={Nguyen, Viet Anh and Kuhn, Daniel and Esfahani, Peyman Mohajerin},
  note={{\tt arXiv preprint arXiv:1805.07194 [math.OC]}},
  year={2018}
}

@Article{mohajerin2018,
  author  = {Mohajerin Esfahani, Peyman and Kuhn, Daniel},
  title   = {Data-driven distributionally robust optimization using the {W}asserstein metric: performance guarantees and tractable reformulations},
  journal = {Math. Program.},
  year    = {2018},
  volume  = {171},
  number  = {1},
  pages   = {115--166},
}

@Article{bertsimas2018RO,
  author  = {Bertsimas, Dimitris and Gupta, Vishal and Kallus, Nathan},
  title   = {Data-driven robust optimization},
  journal = {Math. Program.},
  year    = {2018},
  volume  = {167},
  number  = {2},
  pages   = {235--292},
}

@Article{bertsimas2018SAA,
  author  = {Bertsimas, Dimitris and Gupta, Vishal and Kallus, Nathan},
  title   = {Robust sample average approximation},
  journal = {Math. Program.},
  year    = {2018},
  volume  = {171},
  number  = {1},
  pages   = {217--282},
}

@Article{mehrotra2014,
  author    = {Mehrotra, Sanjay and Zhang, He},
  title     = {Models and algorithms for distributionally robust least squares problems},
  journal   = {Math. Program.},
  year      = {2014},
  volume    = {146},
  number    = {1-2},
  pages     = {123--141},
  publisher = {Springer},
}

@Article{pflug2007,
  author    = {Pflug, Georg and Wozabal, David},
  title     = {Ambiguity in portfolio selection},
  journal   = {Quant. Financ.},
  year      = {2007},
  volume    = {7},
  number    = {4},
  pages     = {435--442},
  publisher = {Taylor \& Francis},
}

@Article{wozabal2012,
  author    = {Wozabal, David},
  title     = {A framework for optimization under ambiguity},
  journal   = {Ann Oper Res},
  year      = {2012},
  volume    = {193},
  number    = {1},
  pages     = {21--47},
  publisher = {Springer},
}

@Article{pflug2012,
  author    = {Pflug, Georg Ch and Pichler, Alois and Wozabal, David},
  title     = {The 1/N investment strategy is optimal under high model ambiguity},
  journal   = {J. Bank. Financ.},
  year      = {2012},
  volume    = {36},
  number    = {2},
  pages     = {410--417},
  publisher = {Elsevier},
}

@Article{analui2014,
  author    = {Analui, Bita and Pflug, Georg Ch},
  title     = {On distributionally robust multiperiod stochastic optimization},
  journal   = {Comput. Management Sci.},
  year      = {2014},
  volume    = {11},
  number    = {3},
  pages     = {197--220},
  publisher = {Springer},
}


@misc{gao2016,
  author  = {Gao, Rui and Kleywegt, Anton J},
  title   = {Distributionally robust stochastic optimization with {W}asserstein distance},
  note = {{\tt arXiv preprint arXiv:1604.02199v2 [math.OC]}},
  year    = {2016},
}

@misc{gao2017,
  title={{W}asserstein distributional robustness and regularization in statistical learning},
  author={Gao, Rui and Chen, Xi and Kleywegt, Anton J},
  note={{\tt arXiv preprint arXiv:1712.06050 [math.OC]}},
  year={2017}
}

@Article{luo2019,
  author    = {Luo, Fengqiao and Mehrotra, Sanjay},
  title     = {Decomposition Algorithm for Distributionally Robust Optimization using {W}asserstein Metric with an Application to a Class of Regression Models},
  journal   = {Eur. J. Oper. Res.},
  volume={278},
  number={1},
  pages={20--35},
  year={2019},
  publisher = {Elsevier},
}


@incollection{pflug2014,
  title={The problem of ambiguity in stochastic optimization},
  author={Pflug, Georg Ch and Pichler, Alois},
  booktitle={Multistage Stochastic Optimization},
  pages={229--255},
  year={2014},
  publisher={Springer}
}

@Article{zhao2018wass,
  author    = {Zhao, Chaoyue and Guan, Yongpei},
  title     = {Data-driven risk-averse stochastic optimization with {W}asserstein metric},
  journal   = {Oper. Res. Lett.},
  year      = {2018},
  volume    = {46},
  number    = {2},
  pages     = {262--267},
  publisher = {Elsevier},
}

@misc{blanchet2016robust,
  author  = {Blanchet, Jose and Kang, Yang and Murthy, Karthyek},
  title   = {Robust {W}asserstein profile inference and applications to machine learning},
  note = {{\tt arXiv:1610.05627 [math.ST]}},
  year    = {2016},
}

@misc{blanchet2017groupwise,
  title={Distributionally Robust Groupwise Regularization Estimator},
  author={Blanchet, Jose and Kang, Yang},
  note={{\tt arXiv preprint arXiv:1705.04241 [math.ST]}},
  year={2017}
}

@misc{blanchet2017transport,
  author  = {Blanchet, Jose and Kang, Yang and Zhang, Fan and Murthy, Karthyek},
  title   = {Data-driven Optimal Transport Cost Selection for Distributionally Robust Optimization},
  note = {{\tt arXiv preprint arXiv:1705.07152 [stat.ML]}},
  year    = {2017},
}


@misc{blanchet2017doubly,
  title={Doubly Robust Data-Driven Distributionally Robust Optimization},
  author={Jose Blanchet and Yang Kang and Fan Zhang and Fei He and Zhangyi Hu},
  note={{\tt arXiv preprint arXiv:1705.07168 [stat.ML]}},
  year={2017}
}

@misc{blanchet2017Semi,
  title={Semi-supervised Learning based on Distributionally Robust Optimization},
  author={Blanchet, Jose and Kang, Yang},
  note={{\tt arXiv preprint arXiv:1702.08848 [stat.ML]}},
  year={2017}
}




@incollection{shafieezadeh2015,
title = {Distributionally Robust Logistic Regression},
author = {Shafieezadeh-Abadeh, Soroosh and Esfahani, Peyman Mohajerin and Kuhn, Daniel},
booktitle = {Advances in Neural Information Processing Systems 28},
editor = {C. Cortes and N. D. Lawrence and D. D. Lee and M. Sugiyama and R. Garnett},
pages = {1576--1584},
year = {2015},
publisher = {Curran Associates, Inc.},
url = {http://papers.nips.cc/paper/5745-distributionally-robust-logistic-regression.pdf}
}

@Article{wozabal2014,
  author  = {Wozabal, David},
  title   = {Robustifying Convex Risk Measures for Linear Portfolios: A Nonparametric Approach},
  journal = {Oper. Res.},
  year    = {2014},
  volume  = {62},
  number  = {6},
  pages   = {1302-1315},
}

@Article{postek2016,
  author  = {Postek, K. and den Hertog, D. and Melenberg, B.},
  title   = {Computationally Tractable Counterparts of Distributionally Robust Constraints on Risk Measures},
  journal = {Siam Rev},
  year    = {2016},
  volume  = {58},
  number  = {4},
  pages   = {603-650},
}

@Article{pichler2013,
  author  = {Pichler, A.},
  title   = {Evaluations of Risk Measures for Different Probability Measures},
  journal = {SIAM J. Optim.},
  year    = {2013},
  volume  = {23},
  number  = {1},
  pages   = {530-551},
}


@misc{gao2017dep,
  title={Distributionally robust stochastic optimization with dependence structure},
  author={Gao, Rui and Kleywegt, Anton J},
  note={{\tt arXiv preprint arXiv:1701.04200 [math.OC}},
  year={2017}
}


@misc{luo2018,
  title={Distributionally Robust Optimization with Decision Dependent Ambiguity Sets},
  author={Luo, Fengqiao and Mehrotra, Sanjay},
  note={{\tt arXiv:1806.09215 [math.OC]}},
  year={2018}
}

@misc{shafieezadeh2017,
  title={Regularization via mass transportation},
  author={Shafieezadeh-Abadeh, Soroosh and Kuhn, Daniel and Esfahani, Peyman Mohajerin},
  note={{\tt  arXiv preprint arXiv:1710.10016 [math.OC]}},
  year={2017}
}

@Article{mohajerinesfahani2018inverse,
  author  = {Mohajerin Esfahani, Peyman and Shafieezadeh-Abadeh, Soroosh and Hanasusanto, Grani A. and Kuhn, Daniel},
  title   = {Data-driven inverse optimization with imperfect information},
  journal = {Math. Program.},
  year    = {2018},
  volume  = {167},
  number  = {1},
  pages   = {191--234},
}

@misc{gao2018hypothesis,
  title={Robust Hypothesis Testing Using {W}asserstein Uncertainty Sets},
  author={Gao, Rui and Xie, Liyan and Xie, Yao and Xu, Huan},
  note={{\tt  arXiv preprint arXiv:1805.10611 [stat.ML}},
  year={2018}
}

@misc{lee2015,
  title={A distributionally-robust approach for finding support vector machines},
  author={Lee, Changhyeok and Mehrotra, Sanjay},
  note   = {Optimization Online \url{http://www.optimization-online.org/DB_HTML/2015/06/4965.html}},
  year={2015}
}

@misc{lee2017,
  title={Minimax statistical learning and domain adaptation with {W}asserstein distances},
  author={Lee, Jaeho and Raginsky, Maxim},
  note={{\tt arXiv preprint arXiv:1705.07815 [cs.LG]}},
  year={2017}
}

@Article{liu2017,
  author  = {Liu, Y. and Meskarian, R. and Xu, H.},
  title   = {Distributionally Robust Reward-Risk Ratio Optimization with Moment Constraints},
  journal = {SIAM J. Optim.},
  year    = {2017},
  volume  = {27},
  number  = {2},
  pages   = {957-985},
}


@misc{bertsimas2014practicable,
  title={A practicable framework for distributionally robust linear optimization},
  author={Bertsimas, Dimitris and Sim, Melvyn and Zhang, Meilin},
  note={Optimization Online \url{www.optimization-online.org/DB_FILE/2013/07/3954.html}},
  year={2014},
}

@article{chen2018infinite,
  title={Distributionally robust optimization with infinitely constrained ambiguity sets},
  author={Chen, Zhi and Sim, Melvyn and Xu, Huan},
  journal={Operations Research},
  year={2019},
  publisher={INFORMS}, 
  url={https://doi.org/10.1287/opre.2018.1799},
}



@Article{cheng2018,
  author    = {Cheng, Jianqiang and Li-Yang Chen, Richard and Najm, Habib N and Pinar, Ali and Safta, Cosmin and Watson, Jean-Paul},
  title     = {Distributionally Robust Optimization with Principal Component Analysis},
  journal   = {SIAM J. Optim.},
  year      = {2018},
  volume    = {28},
  number    = {2},
  pages     = {1817--1841},
  publisher = {SIAM},
}

@misc{chen2018adaptive,
  title={Adaptive Robust Optimization with Scenario-wise Ambiguity Sets},
  author={Chen, Zhi and Sim, Melvyn and Xiong, Peng},
  note={Optimization Online \url{http://www.optimization-online.org/DB_HTML/2017/06/6055.html}},
  year={2018}
}

@misc{ji2018chance,
  title={Data-Driven Distributionally Robust Chance-Constrained Programming with {W}asserstein Metric},
  author={Ji, Ran and Lejeune, Miguel},
  year={2018},
  note={Optimization Online \url{http://www.optimization-online.org/DB_HTML/2018/07/6697.html}}
}

@misc{kocyiugit2017,
  author = {Ko{\c{c}}yi{\u{g}}it, {\c{C}}a{\u{g}}{\i}l and Iyengar, Garud and Kuhn, Daniel and Wiesemann, Wolfram},
  title  = {Distributionally Robust Mechanism Design},
  year   = {2017},
  note   = {Optimization Online \url{http://www.optimization-online.org/DB_FILE/2017/04/5968.html}},
}

@misc{chen2018,
  author = {Chen, Louis and Ma, Will and Natarajan, Karthik and Simchi-Levi, David and Yan, Zhenzhen},
  title  = {Distributionally Robust Linear and Discrete Optimization with Marginals},
  year   = {2018},
  note   = {Optimization Online \url{http://www.optimization-online.org/DB_HTML/2018/04/6570.html}},
}

@misc{vanparys2017DRO,
  author  = {Van Parys, Bart PG and Esfahani, Peyman Mohajerin and Kuhn, Daniel},
  title   = {From data to decisions: Distributionally robust optimization is optimal},
  note = {{\tt arXiv preprintarXiv:1704.04118 [math.OC]}},
  year    = {2017},
}

@misc{xie2018wass,
  author  = {Xie, Weijun},
  title   = {On Distributionally Robust Chance Constrained Program with {W}asserstein Distance},
  note = {{\tt arXiv preprint arXiv:1806.07418 [math.OC]}},
  year    = {2018},
}

@Article{liu2017primal,
  author    = {Liu, Yongchao and Yuan, Xiaoming and Zeng, Shangzhi and Zhang, Jin},
  title     = {Primal--dual hybrid gradient method for distributionally robust optimization problems},
  journal   = {Oper. Res. Lett.},
  year      = {2017},
  volume    = {45},
  number    = {6},
  pages     = {625--630},
  publisher = {Elsevier},
}

@misc{love2018,
  title={Data-Driven Water Allocation under Climate Uncertainty:
A Distributionally Robust Approach},
  author={Love, David K. and Park, Jangho and Bayraksan, G{\"u}zin},
  year={2018},
  note={Optimization Online \url{http://www.optimization-online.org/DB_HTML/2018/03/6527.html}}
}

@misc{delage2018mip,
  author = {Delage, Erick and Saif, Ahmed},
  title  = {The Value of Randomized Solutions in Mixed-Integer Distributionally Robust Optimization Problems},
  year   = {2018},
  note   = {Optimization Online \url{http://www.optimization-online.org/DB_HTML/2018/06/6668.html}},
}

@misc{bansal2018conic,
  author = {Bansal, Manish and Zhang, Yingqiu},
  title  = {Two-stage stochastic (and distributionally robust) p-order conic mixed integer programs: Tight second stage formulations},
  year   = {2018},
  note   = {Optimization Online \url{http://www.optimization-online.org/DB_HTML/2018/05/6630.html}},
}

@Article{xie2018integer,
  author  = {Xie, Weijun and Ahmed, Shabbir},
  title   = {Distributionally robust simple integer recourse},
  journal = {Comput. Management Sci.},
  year    = {2018},
  volume  = {15},
  number  = {3},
  pages   = {351--367},
}

@Article{singh2017distributionally,
  author    = {Singh, Vikas Vikram and Jouini, Oualid and Lisser, Abdel},
  title     = {Distributionally robust chance-constrained games: existence and characterization of Nash equilibrium},
  journal   = {Optim Lett},
  year      = {2017},
  volume    = {11},
  number    = {7},
  pages     = {1385--1405},
  publisher = {Springer},
}

@misc{xie2017optimized,
  title={Optimized {B}onferroni approximations of distributionally robust joint chance constraints},
  author={Xie, Weijun and Ahmed, Shabbir and Jiang, Ruiwei},
  note={Optimization Online \url{http://www.optimization-online.org/DB_HTML/2017/02/5860.html}},
  year={2017}
}

@Article{sun2014,
  author  = {Sun, Hua and Gao, Ziyou and Szeto, W. Y. and Long, Jiancheng and Zhao, Fangxia},
  title   = {A Distributionally Robust Joint Chance Constrained Optimization Model for the Dynamic Network Design Problem under Demand Uncertainty},
  journal = {Networks and Spatial Economics},
  year    = {2014},
  volume  = {14},
  number  = {3},
  pages   = {409--433},
}

@misc{das2018heavy,
  title={On the heavy-tail behavior of the distributionally robust newsvendor},
  author={Das, Bikramjit and Dhara, Anulekha and Natarjan, Karthik},
  note={{\tt arXiv preprint arXiv:1806.05379 [math.ST]}},
  year={2018}
}

@misc{ahipasaoglu2017distributionally,
  author = {Ahipasao\v{g}lu, Selin Damla and Ar{\i}kan, U\v{g}ur and Natarajan, Karthik},
  title  = {Distributionally Robust Markovian Traffic Equilibrium},
  year   = {2017},
  note   = {Optimization Online \url{http://www.optimization-online.org/DB_HTML/2017/05/6032.html}},
}

@misc{lasserre2018representation,
  title={Representation of distributionally robust chance-constraints},
  author={Lasserre, Jean and Weisser, Tillmann},
  note={{\tt arXiv preprint arXiv:1803.11500 [math.OC]}},
  year={2018}
}

@article{ahipasaoglu2016distributionally,
  title={Distributionally robust project crashing with partial or no correlation information},
  author = {Ahipasao\v{g}lu, Selin Damla and Natarajan, Karthik and Shi, Dongjian},
  journal={Networks},
  volume={74},
  number={1},
  pages={79--106},
  year={2019},
  publisher={Wiley Online Library}
}



@Article{bertsimas2018adaptiveDRO,
  author  = {Bertsimas, Dimitris and Sim, Melvyn and Zhang, Meilin},
  title   = {Adaptive Distributionally Robust Optimization},
  journal = {Management Sci.},
  year    = {2018},
  volume={65},
  number={2},
  pages={604--618}
}

@misc{chen2018chance,
  author  = {Chen, Zhi and Kuhn, Daniel and Wiesemann, Wolfram},
  title   = {Data-Driven Chance Constrained Programs over {W}asserstein Balls},
  note = {{\tt arXiv preprint arXiv:1809.00210 [math.OC]}},
  year    = {2018},
}

@Article{xie2018joint,
  author  = {Xie, W. and Ahmed, S.},
  title   = {On Deterministic Reformulations of Distributionally Robust Joint Chance Constrained Optimization Problems},
  journal = {SIAM J. Optim.},
  year    = {2018},
  volume  = {28},
  number  = {2},
  pages   = {1151-1182},
}

@misc{ghosal2018distributionally,
  title={The Distributionally Robust Chance Constrained Vehicle Routing Problem},
  author={Ghosal, Shubhechyya and Wiesemann, Wolfram},
  note={Optimization Online \url{http://www.optimization-online.org/DB_HTML/2018/08/6759.html}},
  year={2018}
}

@Article{dinh2018,
  author    = {Dinh, Thai and Fukasawa, Ricardo and Luedtke, James},
  title     = {Exact algorithms for the chance-constrained vehicle routing problem},
  journal   = {Math. Program.},
  year      = {2018},
  volume    = {172},
  number    = {1-2},
  pages     = {105--138},
  publisher = {Springer},
}

@Article{bansal2018solving,
  author    = {Bansal, Manish and Mehrotra, Sanjay},
  title     = {On Solving Two-Stage Distributionally Robust Disjunctive Programs with a General Ambiguity Set},
  journal   = {Eur. J. Oper. Res.},
  year      = {2019},
  publisher = {Elsevier},
  volume={279},
  number={2},
  pages={296--307},
  year={2019},
}

@Article{chen2018discrete,
  author  = {Chen, Xiaojun and Sun, Hailin and Xu, Huifu},
  title   = {Discrete approximation of two-stage stochastic and distributionally robust linear complementarity problems},
  journal = {Math. Program.},
  year    = {2018},
  url     = {https://doi.org/10.1007/s10107-018-1266-4},
}

@Article{bansal2018,
  author  = {Bansal, M. and Huang, K. and Mehrotra, S.},
  title   = {Decomposition Algorithms for Two-Stage Distributionally Robust Mixed Binary Programs},
  journal = {SIAM J. Optim.},
  year    = {2018},
  volume  = {28},
  number  = {3},
  pages   = {2360-2383},
}

@misc{roos2018reducing,
  title={Reducing conservatism in Robust Optimization},
  author={Roos, Ernst and den Hertog, Dick},
  note={Optimziation Online \url{http://www.optimization-online.org/DB_HTML/2017/12/6383.html}},
  year={2018}
}

@Article{guo2017convergence,
  author    = {Guo, Shaoyan and Xu, Huifu and Zhang, Liwei},
  title     = {Convergence analysis for mathematical programs with distributionally robust chance constraint},
  journal   = {SIAM J. Optim.},
  year      = {2017},
  volume    = {27},
  number    = {2},
  pages     = {784--816},
  publisher = {SIAM},
}

@Article{zhang2016,
  author  = {Zhang, J. and Xu, H. and Zhang, L.},
  title   = {Quantitative Stability Analysis for Distributionally Robust Optimization with Moment Constraints},
  journal = {SIAM J. Optim.},
  year    = {2016},
  volume  = {26},
  number  = {3},
  pages   = {1855-1882},
}

@Article{sun2016,
  author  = {Sun, Hailin and Xu, Huifu},
  title   = {Convergence Analysis for Distributionally Robust Optimization and Equilibrium Problems},
  journal = {Math. Oper. Res.},
  year    = {2016},
  volume  = {41},
  number  = {2},
  pages   = {377-401},
}


@article{pichler2017,
  title={Quantitative stability analysis for minimax distributionally robust risk optimization},
  author={Pichler, Alois and Xu, Huifu},
  journal={Math. Program.},
  pages={1--31},
  year={2017},
  url="https://doi.org/10.1007/s10107-018-1347-4",
  publisher={Springer}
}



@article{hu2015,
  title={A Data Driven Functionally Robust Approach for Coordinating Pricing and Order Quantity Decisions with Unknown Demand Function},
  author={Hu, Jian and Li, Junxuan and Mehrotra, Sanjay},
  journal= {To appear in Operations Research}, 
  note={Optimization Online \url{http://www.optimization-online.org/DB_HTML/2015/07/5016.html}},
  year={2019}
}

@Article{rujeerapaiboon2018chebyshev,
  author  = {Rujeerapaiboon, Napat and Kuhn, Daniel and Wiesemann, Wolfram},
  title   = {Chebyshev Inequalities for Products of Random Variables},
  journal = {Math Oper Res},
  year    = {2018},
  volume  = {43},
  number  = {3},
  pages   = {887-918},
}

@Article{zymler2013Chance,
  author  = {Zymler, Steve and Kuhn, Daniel and Rustem, Ber{\c{c}}},
  title   = {Distributionally robust joint chance constraints with second-order moment information},
  journal = {Math. Program.},
  year    = {2013},
  volume  = {137},
  number  = {1},
  pages   = {167--198},
}

@Article{postek2018,
  author  = {Postek, Krzysztof and Ben-Tal, Aharon and den Hertog, Dick and Melenberg, Bertrand},
  title   = {Robust Optimization with Ambiguous Stochastic Constraints Under Mean and Dispersion Information},
  journal = {Oper. Res.},
  year    = {2018},
  volume  = {66},
  number  = {3},
  pages   = {814-833},
}

@Article{jiang2017,
  author  = {Jiang, Ruiwei and Shen, Siqian and Zhang, Yiling},
  title   = {Integer Programming Approaches for Appointment Scheduling with Random No-Shows and Service Durations},
  journal = {Oper. Res.},
  year    = {2017},
  volume  = {65},
  number  = {6},
  pages   = {1638-1656},
}

@Article{hanasusanto2016,
  author  = {Grani A. Hanasusanto and Daniel Kuhn and Wolfram Wiesemann},
  title   = {K-adaptability in two-stage distributionally robust binary programming},
  journal = {Oper. Res. Lett.},
  year    = {2016},
  volume  = {44},
  number  = {1},
  pages   = {6 - 11},
}

@Article{xu2018matrix,
  author  = {Xu, Huifu and Liu, Yongchao and Sun, Hailin},
  title   = {Distributionally robust optimization with matrix moment constraints: Lagrange duality and cutting plane methods},
  journal = {Math. Program.},
  year    = {2018},
  volume  = {169},
  number  = {2},
  pages   = {489--529},
}

@Article{vanparys2016constrained,
  author  = {Van Parys, B. P. G. and D. Kuhn and P. J. Goulart and M. Morari},
  title   = {Distributionally Robust Control of Constrained Stochastic Systems},
  journal = {Ieee T Automat Contr},
  year    = {2016},
  volume  = {61},
  number  = {2},
  pages   = {430-442},
}

@Article{long2014,
  author  = {Daniel Zhuoyu Long and Jin Qi},
  title   = {Distributionally robust discrete optimization with Entropic Value-at-Risk},
  journal = {Oper. Res. Lett.},
  year    = {2014},
  volume  = {42},
  number  = {8},
  pages   = {532 - 538},
}

@Article{xie2018OPF,
  author  = {W. Xie and S. Ahmed},
  title   = {Distributionally Robust Chance Constrained Optimal Power Flow with Renewables: A Conic Reformulation},
  journal = {IEEE Trans. Power Syst.},
  year    = {2018},
  volume  = {33},
  number  = {2},
  pages   = {1860-1867},
}

@Article{xu2018mip,
  author  = {Xu, Guanglin and Burer, Samuel},
  title   = {A data-driven distributionally robust bound on the expected optimal value of uncertain mixed 0-1 linear programming},
  journal = {Comput. Management Sci.},
  year    = {2018},
  volume  = {15},
  number  = {1},
  pages   = {111--134},
  month   = {Jan},
  day     = {01},
}

@Article{hanasusanto2018,
  author  = {Hanasusanto, Grani A. and Kuhn, Daniel},
  title   = {Conic Programming Reformulations of Two-Stage Distributionally Robust Linear Programs over {W}asserstein Balls},
  journal = {Oper. Res.},
  year    = {2018},
  volume  = {66},
  number  = {3},
  pages   = {849-869},
}

@Article{vanparys2017structured,
  author  = {Van Parys, Bart P. G. and Goulart, Paul J. and Morari, Manfred},
  title   = {Distributionally robust expectation inequalities for structured distributions},
  journal = {Math. Program.},
  volume={173},
  number={1-2},
  pages={251--280},
  year={2019},
  publisher={Springer}
}

@Article{zhang2018,
  author    = {Zhang, Yiling and Jiang, Ruiwei and Shen, Siqian},
  title     = {Ambiguous Chance-Constrained Binary Programs under Mean-Covariance Information},
  journal   = {SIAM J. Optim.},
  year      = {2018},
  volume    = {28},
  number    = {4},
  pages     = {2922--2944},
  publisher = {SIAM},
}

@Article{zhen2018,
  author  = {Zhen, Jianzhe and den Hertog, Dick and Sim, Melvyn},
  title   = {Adjustable Robust Optimization via {F}ourier–{M}otzkin Elimination},
  journal = {Oper. Res.},
  year    = {2018},
  volume  = {66},
  number  = {4},
  pages   = {1086-1100},
}

@misc{zhang2015bin,
  title={Branch and price for chance constrained bin packing},
  author={Zhang, Zheng and Denton, Brian and Xie, Xiaolan},
  note={Optimization Online \url{http://www.optimization-online.org/DB_HTML/2015/11/5217.html}},
  year={2015}
}

@Article{ardestanijaafari2016,
  author  = {Ardestani-Jaafari, Amir and Delage, Erick},
  title   = {Robust Optimization of Sums of Piecewise Linear Functions with Application to Inventory Problems},
  journal = {Oper. Res.},
  year    = {2016},
  volume  = {64},
  number  = {2},
  pages   = {474-494},
}

@Article{mehrotra2014semi,
  author    = {Mehrotra, Sanjay and Papp, D{\'a}vid},
  title     = {A cutting surface algorithm for semi-infinite convex programming with an application to moment robust optimization},
  journal   = {SIAM J. Optim.},
  year      = {2014},
  volume    = {24},
  number    = {4},
  pages     = {1670--1697},
  publisher = {SIAM},
}


@misc{bertsimas2016,
  title={Scalable robust and adaptive inventory routing},
  author={Bertsimas, Dimitris and Gupta, Swati and Tay, Joel},
  note={Optimization Online \url{http://www.optimization-online.org/DB_HTML/2016/06/5497.html}},
  year={2016}
}

@Article{gabrel2014,
  author  = {Gabrel, Virginie and Murat, C{\'e}cile and Thiele, Aur{\'e}lie},
  title   = {Recent advances in robust optimization: An overview},
  journal = {Eur. J. Oper. Res.},
  year    = {2014},
  volume  = {235},
  number  = {3},
  pages   = {471 - 483},
  issn    = {0377-2217},
}


@article{gorissen2015,
title = "A practical guide to robust optimization",
journal = "Omega",
volume = "53",
pages = "124 - 137",
year = "2015",
author = "Gorissen, Bram L and Yan{\i}ko{\u{g}}lu, {\.I}hsan and den Hertog, Dick",
}

@misc{vanparys2016ineq,
  author = {Van Parys, Bart PG and Goulart, Paul J and Embrechts, Paul},
  title  = {Fr{\'e}chet inequalities via convex optimization},
  year   = {2016},
  note   = {Optimization Online \url{http://www.optimization-online.org/DB_HTML/2016/07/5536.html}},
}

@Article{goh2011,
  author  = {Goh, Joel and Sim, Melvyn},
  title   = {Robust Optimization Made Easy with ROME},
  journal = {Oper. Res.},
  year    = {2011},
  volume  = {59},
  number  = {4},
  pages   = {973-985},
}


@incollection{hanasusanto2013,
title = {Robust Data-Driven Dynamic Programming},
author = {Hanasusanto, Grani Adiwena and Kuhn, Daniel},
booktitle = {Advances in Neural Information Processing Systems 26},
editor = {C. J. C. Burges and L. Bottou and M. Welling and Z. Ghahramani and K. Q. Weinberger},
pages = {827--835},
year = {2013},
publisher = {Curran Associates, Inc.},
url = {http://papers.nips.cc/paper/5123-robust-data-driven-dynamic-programming.pdf}
}


@article{shang2017,
  title={Data-driven robust optimization based on kernel learning},
  author={Shang, Chao and Huang, Xiaolin and You, Fengqi},
  journal={Computers \& Chemical Engineering},
  volume={106},
  pages={464--479},
  year={2017},
  publisher={Elsevier}
}


@misc{dhara2017,
  title={Worst-case expected shortfall with univariate and bivariate marginals},
  author={Dhara, Anulekha and Das, Bikramjit and Natarajan, Karthik},
  note={{\tt arXiv preprint arXiv:1701.04167 [q-fin.RM]}},
  year={2017}
}

@Article{rujeerapaiboon2016,
  author  = {Rujeerapaiboon, Napat and Kuhn, Daniel and Wiesemann, Wolfram},
  title   = {Robust Growth-Optimal Portfolios},
  journal = {Management Sci.},
  year    = {2016},
  volume  = {62},
  number  = {7},
  pages   = {2090-2109},
}

@Article{vanparys2016SDP,
  author  = {Van Parys, Bart P. G. and Goulart, Paul J. and Kuhn, Daniel},
  title   = {Generalized Gauss inequalities via semidefinite programming},
  journal = {Math. Program.},
  year    = {2016},
  volume  = {156},
  number  = {1},
  pages   = {271--302},
}




@misc{delage2016,
  title={"Dice"-sion Making under Uncertainty: When Can a Random Decision Reduce Risk?},
  author={Delage, Erick and Kuhn, Daniel and Wiesemann, Wolfram},
  year={2016},
  note={Optimization Online \url{http://www.optimization-online.org/DB_HTML/2016/08/5582.html}},
  publisher={GERAD, {\'E}cole des hautes {\'e}tudes commerciales},
}


@Article{qian2018,
author="Qian, Peng-Yu
and Wang, Zi-Zhuo
and Wen, Zai-Wen",
title="A Composite Risk Measure Framework for Decision Making Under Uncertainty",
journal="Journal of the Operations Research Society of China",
volume={7},
  number={1},
  pages={43--68},
  year={2019},
  publisher={Springer}
}

@Article{choi2016,
  author    = {Choi, Byung-Geun and Rujeerapaiboon, Napat and Jiang, Ruiwei},
  title     = {Multi-period portfolio optimization: Translation of autocorrelation risk to excess variance},
  journal   = {Oper. Res. Lett.},
  year      = {2016},
  volume    = {44},
  number    = {6},
  pages     = {801--807},
  publisher = {Elsevier},
}

@Article{natarajan2014,
  author  = {Natarajan, Karthik and Shi, Dongjian and Toh, Kim-Chuan},
  title   = {A Probabilistic Model for Minmax Regret in Combinatorial Optimization},
  journal = {Oper. Res.},
  year    = {2014},
  volume  = {62},
  number  = {1},
  pages   = {160-181},
}

@Article{singh2016nash,
  author    = {Singh, Vikas Vikram and Jouini, Oualid and Lisser, Abdel},
  title     = {Existence of Nash equilibrium for chance-constrained games},
  journal   = {Oper. Res. Lett.},
  year      = {2016},
  volume    = {44},
  number    = {5},
  pages     = {640--644},
  publisher = {Elsevier},
}


@misc{gokalp2017,
  title={Robust Convex Quadratically Constrained Quadratic Programming with Mixed-Integer Uncertainty},
  author={Gokalp, Can and Mittal, Areesh and Hanasusanto, Grani A},
  note={{\tt arXiv preprint arXiv:1706.01949 [math.OC]}},
  year={2017}
}

@Article{li2013,
  author    = {Li, Jonathan Y and Kwon, Roy H},
  title     = {Portfolio selection under model uncertainty: a penalized moment-based optimization approach},
  journal   = {J Global Optim},
  year      = {2013},
  volume    = {56},
  number    = {1},
  pages     = {131--164},
  publisher = {Springer},
}

@Article{rujeerapaiboon2018reduction,
  author  = {Rujeerapaiboon, Napat and Schindler, Kilian and Kuhn, Daniel and Wiesemann, Wolfram},
  title   = {Scenario reduction revisited: fundamental limits and guarantees},
  journal = {Math. Program.},
  year    = {2018},
  url     = {https://doi.org/10.1007/s10107-018-1269-1},
}


@misc{roos2018,
  title={Approximation of hard uncertain convex inequalities},
  author={Roos, Ernst and den Hertog, Dick and Ben-Tal, Aharon and de Ruiter, Frans JCT and Zhen, Jianzhe},
  note={Optimization Online \url{http://www.optimization-online.org/DB_HTML/2018/06/6679.html}},
  year={2018}
}

@Article{li2017,
  author  = {Li, Bowen and Jiang, Ruiwei and Mathieu, Johanna L.},
  title   = {Ambiguous risk constraints with moment and unimodality information},
  journal = {Math. Program.},
  volume={173},
  number={1-2},
  pages={151--192},
  year={2019},
  publisher={Springer}
}

@Article{sun2018,
  author    = {Sun, Jie and Liao, Li-Zhi and Rodrigues, Brian},
  title     = {Quadratic two-stage stochastic optimization with coherent measures of risk},
  journal   = {Math. Program.},
  year      = {2018},
  volume    = {168},
  number    = {1-2},
  pages     = {599--613},
  publisher = {Springer},
}

@misc{li2016law,
  author  = {Li, Jonathan Yu-Meng},
  title   = {Closed-form solutions for worst-case law invariant risk measures with application to robust portfolio optimization},
  note = {{\tt arXiv preprint arXiv:1609.04065 [q-fin.RM]}},
  year    = {2016},
}

@misc{georghiou2016,
  title={Robust dual dynamic programming},
  author={Georghiou, Angelos and Tsoukalas, Angelos and Wiesemann, Wolfram},
  note={Optimization Online \url{http://www.optimization-online.org/DB_HTML/2016/12/5752.html}},
  year={2016}
}

@misc{bertsimas2017,
  title={Bootstrap robust prescriptive analytics},
  author={Bertsimas, Dimitris and Van Parys, Bart},
  note={{\tt arXiv preprint arXiv:1711.09974 [math.OC]}},
  year={2017}
}



@misc{gupta2018,
  title={Near-optimal ambiguity sets for distributionally robust optimization},
  author={Gupta, Vishal},
  note={Optimization Online \url{http://www.optimization-online.org/DB_HTML/2015/07/4983.html}},
  year={2015}
}

@misc{xie2018cover,
  author = {Xie, Weijun and Ahmed, Shabbir},
  title  = {Bicriteria Approximation of Chance Constrained Covering Problems},
  year   = {2018},
  note   = {Optimization Online \url{http://www.optimization-online.org/DB_HTML/2018/01/6411.html}},
}


@misc{baziermatte2018,
  title={Generalization Bounds for Regularized Portfolio Selection with Market Side Information},
  author={Bazier-Mattea, Thierry and Delage, Erick},
  year={2018},
  note={Optimization Online \url{http://www.optimization-online.org/DB_HTML/2018/02/6476.html}}
}

@Article{zhao2018contingency,
  author    = {Zhao, Chaoyue and Jiang, Ruiwei},
  title     = {Distributionally robust contingency-constrained unit commitment},
  journal   = {IEEE Trans. Power Syst.},
  year      = {2018},
  volume    = {33},
  number    = {1},
  pages     = {94--102},
  publisher = {IEEE},
}

@Article{jiang2016,
  author    = {Jiang, Ruiwei and Guan, Yongpei and Watson, Jean-Paul},
  title     = {Risk-averse stochastic unit commitment with incomplete information},
  journal   = {IIE Trans.},
  year      = {2016},
  volume    = {48},
  number    = {9},
  pages     = {838--854},
  publisher = {Taylor \& Francis},
}

@Article{fan2014,
  author    = {Fan, Lei and Wang, Jianhui and Jiang, Ruiwei and Guan, Yongpei},
  title     = {Min-max regret bidding strategy for thermal generator considering price uncertainty},
  journal   = {IEEE Trans. Power Syst.},
  year      = {2014},
  volume    = {29},
  number    = {5},
  pages     = {2169--2179},
  publisher = {IEEE},
}

@Article{jiang2014,
  author    = {Jiang, Ruiwei and Zhang, Muhong and Li, Guang and Guan, Yongpei},
  title     = {Two-stage network constrained robust unit commitment problem},
  journal   = {Eur. J. Oper. Res.},
  year      = {2014},
  volume    = {234},
  number    = {3},
  pages     = {751--762},
  publisher = {Elsevier},
}

@Article{jiang2013,
  author    = {Jiang, Ruiwei and Wang, Jianhui and Zhang, Muhong and Guan, Yongpei},
  title     = {Two-stage minimax regret robust unit commitment},
  journal   = {IEEE Trans. Power Syst.},
  year      = {2013},
  volume    = {28},
  number    = {3},
  pages     = {2271--2282},
  publisher = {IEEE},
}

@Article{jiang2012,
  author  = {Jiang, Ruiwei and Wang, Jianhui and Guan, Yongpei},
  title   = {Robust unit commitment with wind power and pumped storage hydro},
  journal = {IEEE Trans. Power Syst.},
  year    = {2012},
  volume  = {27},
  number  = {2},
  pages   = {800},
}

@Article{duan2018,
  author    = {Duan, Chao and Jiang, Lin and Fang, Wanliang and Liu, Jun},
  title     = {Data-driven affinely adjustable distributionally robust unit commitment},
  journal   = {IEEE Trans. Power Syst.},
  year      = {2018},
  volume    = {33},
  number    = {2},
  pages     = {1385--1398},
  publisher = {IEEE},
}

@Article{lu2018,
  author  = {X. Lu and K. W. Chan and S. Xia and B. Zhou and X. Luo},
  title   = {Security-Constrained Multi-Period Economic Dispatch with Renewable Energy Utilizing Distributionally Robust Optimization},
  journal = {IEEE Trans. Sustain. Energy},
  year    = {2018},
  url     = {https://doi.org/0.1109/TSTE.2018.2847419},
}


@INPROCEEDINGS{shang2018, 
author={C. Shang and F. You}, 
booktitle={2018 Annual American Control Conference (ACC)}, 
title={Distributionally Robust Process Scheduling under Ambiguous Uncertainty}, 
year={2018}, 
pages={180-187},
url={https://doi.org/10.23919/ACC.2018.8431001}, 
}

@Article{chang2018,
  author  = {Zhiqi Chang and Jian-Ya Ding and Shiji Song},
  title   = {Distributionally robust scheduling on parallel machines under moment uncertainty},
  journal = {Eur. J. Oper. Res.},
  year    = {2018},
  url     = {http://www.sciencedirect.com/science/article/pii/S037722171830612X},
}

@Article{gong2018,
  author  = {Gong, Zhaohua and Liu, Chongyang and Sun, Jie and Teo, Kok Lay},
  title   = {Distributionally robust {L}1-estimation in multiple linear regression},
  journal = {Optim Lett},
  volume={13},
  number={4},
  pages={935--947},
  year={2019},
  publisher={Springer}
}

@InProceedings{li2016riskopf,
  author    = {B. Li and R. Jiang and J. L. Mathieu},
  title     = {Distributionally robust risk-constrained optimal power flow using moment and unimodality information},
  booktitle = {2016 IEEE 55th Conference on Decision and Control (CDC)},
  year      = {2016},
  pages     = {2425-2430},
  url       = {https://doi.org/10.1109/CDC.2016.7798625},
}

@Article{wei2016,
  author  = {W. Wei and F. Liu and S. Mei},
  title   = {Distributionally Robust Co-Optimization of Energy and Reserve Dispatch},
  journal = {IEEE Trans. Sustain. Energy},
  year    = {2016},
  volume  = {7},
  number  = {1},
  pages   = {289-300},
}

@Article{chen2016hydro,
  author  = {Yue Chen and Wei Wei and Feng Liu and Shengwei Mei},
  title   = {Distributionally robust hydro-thermal-wind economic dispatch},
  journal = {Appl. Energy},
  year    = {2016},
  volume  = {173},
  pages   = {511 - 519},
}

@misc{ma2018, 
title={Distributionally Robust Co-Optimization of Power Dispatch and Do-Not-Exceed Limits}, 
author={Ma, Hongyan and Jiang, Ruiwei and Yan, Zheng}, 
note={{\tt arXiv preprint arXiv:1808.02007 [math.OC]}}, 
year={2018} 
}


@misc{babaei2018, 
title={Distributionally Robust Distribution Network Configuration Under Random Contingency}, 
author={Babaei, Sadra and Jiang, Ruiwei and Zhao, Chaoyue}, 
note={{\tt arXiv preprint arXiv:1808.09038 [math.OC]}}, 
year={2018} 
}

@Article{chen2018regression,
  author  = {Ruidi Chen and Ioannis Ch. Paschalidis},
  title   = {A Robust Learning Approach for Regression Models Based on Distributionally Robust Optimization},
  journal = {J Mach Learn Res},
  year    = {2018},
  volume  = {19},
  number  = {13},
  pages   = {1-48},
}

@article{chen2018knn,
  title={Learning Optimal Personalized Treatment Rules Using Robust Regression Informed K-{NN}},
  author={Chen, Ruidi and Paschalidis, Ioannis},
  journal={{ \tt arXiv preprint arXiv:1811.06083 [stat.ML]}},
  year={2018}
}



@inproceedings{hu2018, 
title={Does Distributionally Robust Supervised Learning Give Robust Classifiers?}, 
author={Hu, Weihua and Niu, Gang and Sato, Issei and Sugiyama, Masashi}, 
booktitle={35th International Conference on Machine Learning}, 
pages={2034--2042}, 
year={2018}, 
}

@misc{roald2015, 
title={Security constrained optimal power flow with distributionally robust chance constraints}, 
author={Roald, Line and Oldewurtel, Frauke and Van Parys, Bart and Andersson, G{\"o}ran}, 
note={{\tt arXiv preprint arXiv:1508.06061 [math.OC]}}, 
year={2015} 
}

@Article{bertsimas2004price,
  author    = {Bertsimas, Dimitris and Sim, Melvyn},
  title     = {The price of robustness},
  journal   = {Oper. Res.},
  year      = {2004},
  volume    = {52},
  number    = {1},
  pages     = {35--53},
  publisher = {Informs},
}

@Article{bertsimas2005optimal,
  author    = {Bertsimas, Dimitris and Popescu, Ioana},
  title     = {Optimal inequalities in probability theory: A convex optimization approach},
  journal   = {SIAM J. Optim.},
  year      = {2005},
  volume    = {15},
  number    = {3},
  pages     = {780--804},
  publisher = {SIAM},
}


@misc{shafieezadeh2018,
  title={{W}asserstein Distributionally Robust Kalman Filtering},
  author={Shafieezadeh-Abadeh, Soroosh and Nguyen, Viet Anh and Kuhn, Daniel and Esfahani, Peyman Mohajerin},
  note={{\tt arXiv preprint arXiv:1809.08830 [math.OC]}},
  year={2018}
}

@misc{noyan2018,
note = {Optimization Online \url{http://www.optimization-online.org/DB_HTML/2018/09/6821.html}},
author = {Noyan, Nilay and Rudolf, Gabor and Lejeune, Miguel},
title = {Distributionally Robust Optimization with Decision-Dependent Ambiguity Set},
year = {2018}
}

@misc{bertsimas2018predictive,
author = {Bertsimas, Dimitris and Kallus, Nathan},
note = {{\tt arXiv preprint arXiv:1402.5481 [stat.ML]}},
title = {From predictive to prescriptive analytics},
year = {2018}
}

@Article{chen2007robust,
  author    = {Chen, Xin and Sim, Melvyn and Sun, Peng},
  title     = {A robust optimization perspective on stochastic programming},
  journal   = {Oper. Res.},
  year      = {2007},
  volume    = {55},
  number    = {6},
  pages     = {1058--1071},
  publisher = {INFORMS},
}

@misc{de2018distributionally,
  title={Distributionally robust optimization with polynomial densities: theory, models and algorithms},
  author={de Klerk, Etienne and Kuhn, Daniel and Postek, Krzysztof},
  note={{\tt arXiv preprint arXiv:1805.03588 [math.OC]}},
  year={2018}
}

@Article{delage2010,
  author    = {Delage, Erick and Ye, Yinyu},
  title     = {Distributionally robust optimization under moment uncertainty with application to data-driven problems},
  journal   = {Oper. Res.},
  year      = {2010},
  volume    = {58},
  number    = {3},
  pages     = {595--612},
  publisher = {INFORMS},
}

@Article{demiguel2009portfolio,
  author    = {DeMiguel, Victor and Nogales, Francisco J},
  title     = {Portfolio selection with robust estimation},
  journal   = {Oper. Res.},
  year      = {2009},
  volume    = {57},
  number    = {3},
  pages     = {560--577},
  publisher = {Informs},
}

@Article{doan2012complexity,
  author    = {Doan, Xuan Vinh and Natarajan, Karthik},
  title     = {On the complexity of nonoverlapping multivariate marginal bounds for probabilistic combinatorial optimization problems},
  journal   = {Oper. Res.},
  year      = {2012},
  volume    = {60},
  number    = {1},
  pages     = {138--149},
  publisher = {INFORMS},
}

@Article{ghaoui2003worst,
  author    = {El Ghaoui, Laurent and Oks, Maksim and Oustry, Francois},
  title     = {Worst-case value-at-risk and robust portfolio optimization: A conic programming approach},
  journal   = {Oper. Res.},
  year      = {2003},
  volume    = {51},
  number    = {4},
  pages     = {543--556},
  publisher = {INFORMS},
}

@Article{han2014,
  author  = {Han, Qiaoming and Du, Donglei and Zuluaga, Luis F},
  title   = {Technical Note—A Risk- and Ambiguity-Averse Extension of the Max-Min Newsvendor Order Formula},
  journal = {Oper. Res.},
  year    = {2014},
  volume  = {62},
  number  = {3},
  pages   = {535--542},
}

@Article{hanasusanto2015NV,
  author    = {Hanasusanto, Grani A and Kuhn, Daniel and Wallace, Stein W and Zymler, Steve},
  title     = {Distributionally robust multi-item newsvendor problems with multimodal demand distributions},
  journal   = {Math. Program.},
  year      = {2015},
  volume    = {152},
  number    = {1-2},
  pages     = {1--32},
  publisher = {Springer},
}

@Article{hanasusanto2017ambiguous,
  author    = {Hanasusanto, Grani A and Roitch, Vladimir and Kuhn, Daniel and Wiesemann, Wolfram},
  title     = {Ambiguous joint chance constraints under mean and dispersion information},
  journal   = {Oper. Res.},
  year      = {2017},
  volume    = {65},
  number    = {3},
  pages     = {751--767},
  publisher = {Informs},
}

@Article{hanasusanto2015chance,
  author    = {Hanasusanto, Grani A and Roitch, Vladimir and Kuhn, Daniel and Wiesemann, Wolfram},
  title     = {A distributionally robust perspective on uncertainty quantification and chance constrained programming},
  journal   = {Math. Program.},
  year      = {2015},
  volume    = {151},
  number    = {1},
  pages     = {35--62},
  publisher = {Springer},
}

@Article{jasour2015semidefinite,
  author    = {Jasour, A M and Aybat, Necdet S and Lagoa, Constantino M},
  title     = {Semidefinite programming for chance constrained optimization over semialgebraic sets},
  journal   = {SIAM J. Optim.},
  year      = {2015},
  volume    = {25},
  number    = {3},
  pages     = {1411--1440},
  publisher = {SIAM},
}

@Article{natarajan2008incorporating,
  author    = {Natarajan, Karthik and Pachamanova, Dessislava and Sim, Melvyn},
  title     = {Incorporating asymmetric distributional information in robust value-at-risk optimization},
  journal   = {Management Sci.},
  year      = {2008},
  volume    = {54},
  number    = {3},
  pages     = {573--585},
  publisher = {INFORMS},
}

@Article{natarajan2018asymmetry,
  author    = {Natarajan, Karthik and Sim, Melvyn and Uichanco, Joline},
  title     = {Asymmetry and ambiguity in newsvendor models},
  journal   = {Management Sci.},
  year      = {2018},
  volume    = {64},
  number    = {7},
  pages     = {3146--3167},
  publisher = {INFORMS},
}

@Article{nemirovski2006convex,
  author    = {Nemirovski, Arkadi and Shapiro, Alexander},
  title     = {Convex approximations of chance constrained programs},
  journal   = {SIAM J. Optim.},
  year      = {2006},
  volume    = {17},
  number    = {4},
  pages     = {969--996},
  publisher = {SIAM},
}

@Article{perakis2008regret,
  author    = {Perakis, Georgia and Roels, Guillaume},
  title     = {Regret in the newsvendor model with partial information},
  journal   = {Oper. Res.},
  year      = {2008},
  volume    = {56},
  number    = {1},
  pages     = {188--203},
  publisher = {INFORMS},
}

@Article{popescu2005semidefinite,
  author    = {Popescu, Ioana},
  title     = {A semidefinite programming approach to optimal-moment bounds for convex classes of distributions},
  journal   = {Math Oper Res},
  year      = {2005},
  volume    = {30},
  number    = {3},
  pages     = {632--657},
  publisher = {INFORMS},
}




@misc{xin2018martingle,
author = {Xin, Linwei and Goldberg, David A},
note = {{\tt arXiv preprint arXiv:1511.09437 [math.OC]}},
title = {Distributionally robust inventory control when demand is a martingale},
year = {2018}
}


@misc{xin2018moment,
author = {Xin, Linwei and Goldberg, David A},
note = {{\tt arXiv preprint arXiv:1304.3074 [math.OC]}},
title = {Time (in) consistency of multistage distributionally robust inventory models with moment constraints},
year = {2018}
}

@Article{xu2012optimization,
  author    = {Xu, Huan and Caramanis, Constantine and Mannor, Shie},
  title     = {Optimization under probabilistic envelope constraints},
  journal   = {Oper. Res.},
  year      = {2012},
  volume    = {60},
  number    = {3},
  pages     = {682--699},
  publisher = {INFORMS},
}

@Article{wiesemann2014,
  author    = {Wiesemann, Wolfram and Kuhn, Daniel and Sim, Melvyn},
  title     = {Distributionally robust convex optimization},
  journal   = {Oper. Res.},
  year      = {2014},
  volume    = {62},
  number    = {6},
  pages     = {1358--1376},
  publisher = {INFORMS},
}

@Article{doan2015robustness,
  author    = {Doan, Xuan Vinh and Li, Xiaobo and Natarajan, Karthik},
  title     = {Robustness to dependency in portfolio optimization using overlapping marginals},
  journal   = {Oper. Res.},
  year      = {2015},
  volume    = {63},
  number    = {6},
  pages     = {1468--1488},
  publisher = {INFORMS},
}


@misc{li2018riskopf,
  title={Distributionally Robust Chance Constrained Optimal Power Flow Assuming Unimodal Distributions with Misspecified Modes},
  author={Li, Bowen and Jiang, Ruiwei and Mathieu, Johanna L},
  note={{\tt arXiv preprint arXiv:1809.07254 [math.OC]}},
  year={2018}
}

@Article{goldfarb2003,
  author    = {Goldfarb, Donald and Iyengar, Garud},
  title     = {Robust portfolio selection problems},
  journal   = {Math Oper Res},
  year      = {2003},
  volume    = {28},
  number    = {1},
  pages     = {1--38},
  publisher = {INFORMS},
}

@Article{kapsos2014,
  author    = {Kapsos, Michalis and Christofides, Nicos and Rustem, Ber{\c{c}}},
  title     = {Worst-case robust Omega ratio},
  journal   = {Eur. J. Oper. Res.},
  year      = {2014},
  volume    = {234},
  number    = {2},
  pages     = {499--507},
  publisher = {Elsevier},
}

@inproceedings{love2013,
  title={Two-stage likelihood robust linear program with application to water allocation under uncertainty},
  author={Love, David and Bayraksan, Guzin},
  booktitle={Simulation Conference (WSC), 2013 Winter},
  pages={77--88},
  year={2013},
  organization={IEEE}
}

@Article{ben2010soft,
  author    = {Ben-Tal, Aharon and Bertsimas, Dimitris and Brown, David B},
  title     = {A soft robust model for optimization under ambiguity},
  journal   = {Oper. Res.},
  year      = {2010},
  volume    = {58},
  number    = {4-part-2},
  pages     = {1220--1234},
  publisher = {INFORMS},
}

@Article{bertsimas2010minmax,
  author    = {Bertsimas, Dimitris and Doan, Xuan Vinh and Natarajan, Karthik and Teo, Chung-Piaw},
  title     = {Models for minimax stochastic linear optimization problems with risk aversion},
  journal   = {Math Oper Res},
  year      = {2010},
  volume    = {35},
  number    = {3},
  pages     = {580--602},
  publisher = {INFORMS},
}

@Article{breton1995,
  author    = {Breton, Mich{\`e}le and El Hachem, Saeb},
  title     = {Algorithms for the solution of stochastic dynamic minimax problems},
  journal   = {Comput. Optim. Appl.},
  year      = {1995},
  volume    = {4},
  number    = {4},
  pages     = {317--345},
  publisher = {Springer},
}

@Article{shapiro2004minmax,
  author    = {Shapiro, Alexander and Ahmed, Shabbir},
  title     = {On a class of minimax stochastic programs},
  journal   = {SIAM J. Optim.},
  year      = {2004},
  volume    = {14},
  number    = {4},
  pages     = {1237--1249},
  publisher = {SIAM},
}

@Article{gilboa1989,
  author  = {Itzhak Gilboa and David Schmeidler},
  title   = {Maxmin expected utility with non-unique prior},
  journal = {J Math Econ},
  year    = {1989},
  volume  = {18},
  number  = {2},
  pages   = {141 - 153},
  issn    = {0304-4068},
}

@article{zackova1966,
author = {\v{Z}\'{a}\v{c}kov\'{a}, Jitka},
journal = {\v{C}asopis pro p\v{e}stov\'{a}n\'{a} matematiky},
number = {4},
pages = {423-430},
publisher = {Mathematical Institute of the Czechoslovak Academy of Sciences},
title = {On minimax solutions of stochastic linear programming problems},
url = {http://eudml.org/doc/20949},
volume = {091},
year = {1966},
}

@article{dupacova1987,
  title={The minimax approach to stochastic programming and an illustrative application},
  author={Dupa{\v{c}}ov{\'a}, Jitka},
  journal={Stochastics: An International Journal of Probability and Stochastic Processes},
  volume={20},
  number={1},
  pages={73--88},
  year={1987},
  publisher={Taylor \& Francis}
}

@Article{shapiro2002minimax,
  author    = {Shapiro, Alexander and Kleywegt, Anton},
  title     = {Minimax analysis of stochastic problems},
  journal   = {Optim. Method. Softw.},
  year      = {2002},
  volume    = {17},
  number    = {3},
  pages     = {523--542},
  publisher = {Taylor \& Francis},
}

@Article{yu2016,
  author    = {Yu, Hui and Zhai, Jia and Chen, Guang-Ya},
  title     = {Robust Optimization for the Loss-Averse Newsvendor Problem},
  journal   = {J Optimiz Theory App},
  year      = {2016},
  volume    = {171},
  number    = {3},
  pages     = {1008--1032},
  publisher = {Springer},
}

@Article{popescu2007,
  author    = {Popescu, Ioana},
  title     = {Robust mean-covariance solutions for stochastic optimization},
  journal   = {Oper. Res.},
  year      = {2007},
  volume    = {55},
  number    = {1},
  pages     = {98--112},
  publisher = {INFORMS},
}

@Article{lasserre2001,
  author    = {Lasserre, Jean B},
  title     = {Global optimization with polynomials and the problem of moments},
  journal   = {SIAM J. Optim.},
  year      = {2001},
  volume    = {11},
  number    = {3},
  pages     = {796--817},
  publisher = {SIAM},
}

@Article{bertsimas2006persistence,
  author    = {Bertsimas, Dimitris and Natarajan, Karthik and Teo, Chung-Piaw},
  title     = {Persistence in discrete optimization under data uncertainty},
  journal   = {Math. Program.},
  year      = {2006},
  volume    = {108},
  number    = {2-3},
  pages     = {251--274},
  publisher = {Springer},
}

@Article{zhao2016UC,
  author    = {Zhao, Chaoyue and Guan, Yongpei},
  title     = {Data-driven stochastic unit commitment for integrating wind generation},
  journal   = {IEEE Trans. Power Syst.},
  year      = {2016},
  volume    = {31},
  number    = {4},
  pages     = {2587--2596},
  publisher = {IEEE},
}

@Article{xiong2017,
  author    = {Xiong, Peng and Jirutitijaroen, Panida and Singh, Chanan},
  title     = {A distributionally robust optimization model for unit commitment considering uncertain wind power generation},
  journal   = {IEEE Trans. Power Syst.},
  year      = {2017},
  volume    = {32},
  number    = {1},
  pages     = {39--49},
  publisher = {IEEE},
}

@Article{wei2016dispatchability,
  author    = {Wei, Wei and Wang, Jianhui and Mei, Shengwei},
  title     = {Dispatchability maximization for co-optimized energy and reserve dispatch with explicit reliability guarantee},
  journal   = {IEEE Trans. Power Syst.},
  year      = {2016},
  volume    = {31},
  number    = {4},
  pages     = {3276--3288},
  publisher = {IEEE},
}

@Article{bian2015,
  author    = {Bian, Qiaoyan and Xin, Huanhai and Wang, Zhen and Gan, Deqiang and Wong, Kit Po},
  title     = {Distributionally robust solution to the reserve scheduling problem with partial information of wind power},
  journal   = {IEEE Trans. Power Syst.},
  year      = {2015},
  volume    = {30},
  number    = {5},
  pages     = {2822--2823},
  publisher = {IEEE},
}

@Article{wang2016reserve,
  author    = {Wang, Zhen and Bian, Qiaoyan and Xin, Huanhai and Gan, Deqiang},
  title     = {A distributionally robust co-ordinated reserve scheduling model considering CVaR-based wind power reserve requirements},
  journal   = {IEEE Trans. Sustain. Energy},
  year      = {2016},
  volume    = {7},
  number    = {2},
  pages     = {625--636},
  publisher = {IEEE},
}

@Article{lubin2016OPF,
  author    = {Lubin, Miles and Dvorkin, Yury and Backhaus, Scott},
  title     = {A robust approach to chance constrained optimal power flow with renewable generation},
  journal   = {IEEE Trans. Power Syst.},
  year      = {2016},
  volume    = {31},
  number    = {5},
  pages     = {3840--3849},
  publisher = {IEEE},
}

@Article{zhang2017OPF,
  author    = {Zhang, Yiling and Shen, Siqian and Mathieu, Johanna L},
  title     = {Distributionally robust chance-constrained optimal power flow with uncertain renewables and uncertain reserves provided by loads},
  journal   = {IEEE Trans. Power Syst.},
  year      = {2017},
  volume    = {32},
  number    = {2},
  pages     = {1378--1388},
  publisher = {IEEE},
}

@Article{bienstock2014chanceOPF,
  author    = {Bienstock, Daniel and Chertkov, Michael and Harnett, Sean},
  title     = {Chance-constrained optimal power flow: Risk-aware network control under uncertainty},
  journal   = {Siam Rev},
  year      = {2014},
  volume    = {56},
  number    = {3},
  pages     = {461--495},
  publisher = {SIAM},
}

@Article{mak2015,
  author    = {Mak, Ho-Yin and Rong, Ying and Zhang, Jiawei},
  title     = {Appointment scheduling with limited distributional information},
  journal   = {Management Sci.},
  year      = {2015},
  volume    = {61},
  number    = {2},
  pages     = {316--334},
  publisher = {INFORMS},
}

@Article{kong2013,
  author    = {Kong, Qingxia and Lee, Chung-Yee and Teo, Chung-Piaw and Zheng, Zhichao},
  title     = {Scheduling arrivals to a stochastic service delivery system using copositive cones},
  journal   = {Oper. Res.},
  year      = {2013},
  volume    = {61},
  number    = {3},
  pages     = {711--726},
  publisher = {INFORMS},
}

@Article{bose2009,
  author    = {Bose, Subir and Daripa, Arup},
  title     = {A dynamic mechanism and surplus extraction under ambiguity},
  journal   = {J Econ Theory},
  year      = {2009},
  volume    = {144},
  number    = {5},
  pages     = {2084--2114},
  publisher = {Elsevier},
}

@book{huber2009RobustStat,
  title={Robust Statistics},
  author={Huber, Peter J and Ronchetti, Elvezio M},
  publisher={John Wiley \& Sons},
  edition={2nd},
  year={2009}
}

@Article{huber1973,
  author  = {Huber, Peter J},
  title   = {The use of Choquet capacities in statistics},
  journal = {B Int Statist Inst},
  year    = {1973},
  volume  = {45},
  number  = {4},
  pages   = {181--191},
}

@Article{meilijson1979,
  author    = {Meilijson, Isaac and N{\'a}das, Arthur},
  title     = {Convex majorization with an application to the length of critical paths},
  journal   = {J Appl Probab},
  year      = {1979},
  volume    = {16},
  number    = {3},
  pages     = {671--677},
  publisher = {Cambridge University Press},
}

@Article{birge1995,
  author    = {Birge, John R and Maddox, Marilyn J},
  title     = {Bounds on expected project tardiness},
  journal   = {Oper. Res.},
  year      = {1995},
  volume    = {43},
  number    = {5},
  pages     = {838--850},
  publisher = {INFORMS},
}

@Article{natarajan2011,
  author    = {Natarajan, Karthik and Teo, Chung Piaw and Zheng, Zhichao},
  title     = {Mixed 0-1 linear programs under objective uncertainty: A completely positive representation},
  journal   = {Oper. Res.},
  year      = {2011},
  volume    = {59},
  number    = {3},
  pages     = {713--728},
  publisher = {INFORMS},
}

@Article{natarajan2017SDP,
  author    = {Natarajan, Karthik and Teo, Chung-Piaw},
  title     = {On reduced semidefinite programs for second order moment bounds with applications},
  journal   = {Math. Program.},
  year      = {2017},
  volume    = {161},
  number    = {1-2},
  pages     = {487--518},
  publisher = {Springer},
}

@Article{goh2013,
  author    = {Goh, Joel and Hall, Nicholas G},
  title     = {Total cost control in project management via satisficing},
  journal   = {Management Sci.},
  year      = {2013},
  volume    = {59},
  number    = {6},
  pages     = {1354--1372},
  publisher = {INFORMS},
}

@Article{li2014MILP,
  author    = {Li, Xiaobo and Natarajan, Karthik and Teo, Chung-Piaw and Zheng, Zhichao},
  title     = {Distributionally robust mixed integer linear programs: Persistency models with applications},
  journal   = {Eur. J. Oper. Res.},
  year      = {2014},
  volume    = {233},
  number    = {3},
  pages     = {459--473},
  publisher = {Elsevier},
}

@Article{atamturk2007,
  author    = {Atamt{\"u}rk, Alper and Zhang, Muhong},
  title     = {Two-stage robust network flow and design under demand uncertainty},
  journal   = {Oper. Res.},
  year      = {2007},
  volume    = {55},
  number    = {4},
  pages     = {662--673},
  publisher = {INFORMS},
}

@Article{erera2009,
  author    = {Erera, Alan L and Morales, Juan C and Savelsbergh, Martin},
  title     = {Robust optimization for empty repositioning problems},
  journal   = {Oper. Res.},
  year      = {2009},
  volume    = {57},
  number    = {2},
  pages     = {468--483},
  publisher = {INFORMS},
}

@Article{carlsson2013,
  author    = {Carlsson, John Gunnar and Delage, Erick},
  title     = {Robust partitioning for stochastic multivehicle routing},
  journal   = {Oper. Res.},
  year      = {2013},
  volume    = {61},
  number    = {3},
  pages     = {727--744},
  publisher = {INFORMS},
}

@article{ahipacsaouglu2015equil,
  title={Beyond normality: A cross moment-stochastic user equilibrium model},
  author={Ahipa{\c{s}}ao{\u{g}}lu, Selin Damla and Meskarian, Rudabeh and Magnanti, Thomas L and Natarajan, Karthik},
  journal={Transportation Research Part B: Methodological},
  volume={81},
  pages={333--354},
  year={2015},
  publisher={Elsevier}
}

@article{ahipacsaouglu2016traffic,
  title={On the flexibility of using marginal distribution choice models in traffic equilibrium},
  author={Ahipa{\c{s}}ao{\u{g}}lu, Selin Damla and Ar{\i}kan, U{\u{g}}ur and Natarajan, Karthik},
  journal={Transportation Research Part B: Methodological},
  volume={91},
  pages={130--158},
  year={2016},
  publisher={Elsevier}
}

@Article{carlsson2017VRP,
  author    = {Carlsson, John Gunnar and Behroozi, Mehdi},
  title     = {Worst-case demand distributions in vehicle routing},
  journal   = {Eur. J. Oper. Res.},
  year      = {2017},
  volume    = {256},
  number    = {2},
  pages     = {462--472},
  publisher = {Elsevier},
}

@article{carlsson2018TSP,
  author = {Carlsson, John Gunnar and Behroozi, Mehdi and  Mihic, Kresimir},
  title  = {{W}asserstein distance and the distributionally robust {TSP}},
  year   = {2018},
  journal   = {Operations Research, forthcoming},
}

@article{huber1965,
  title={A robust version of the probability ratio test},
  author={Huber, Peter J},
  journal={The Annals of Mathematical Statistics},
  pages={1753--1758},
  year={1965},
  publisher={JSTOR}
}

@Article{gul2017,
  author    = {G{\"u}l, G{\"o}khan and Zoubir, Abdelhak M},
  title     = {Minimax robust hypothesis testing},
  journal   = {Ieee T Inform Theory},
  year      = {2017},
  volume    = {63},
  number    = {9},
  pages     = {5572--5587},
  publisher = {IEEE},
}

@misc{gul2017asymptotically,
  title={Asymptotically Minimax Robust Hypothesis Testing},
  author={G{\"u}l, G{\"o}khan},
  note={{\tt arXiv preprint arXiv:1711.07680 [cs.IT]}},
  year={2017},
}

@Article{levy2009,
  author    = {Bernard C. Levy},
  title     = {Robust Hypothesis Testing With a Relative Entropy Tolerance},
  journal   = {Ieee T Inform Theory},
  year      = {2009},
  volume    = {55},
  number    = {1},
  pages     = {413--421},
  publisher = {IEEE},
}


@misc{sinha2018,
  title={Certifying Some Distributional Robustness with Principled Adversarial Training},
  author={Sinha, Aman and Namkoong, Hongseok  and Duchi, John},
  note={{\tt arXiv preprint 	arXiv:1710.10571 [stat.ML]}},
  year={2018}
}


@article{goldenshluger2016,
  title={Hypothesis testing by convex optimization},
  author={Goldenshluger, Alexander and Juditsky, Anatoli and Nemirovski, Arkadi},
  journal={Electronic journal of statistics},
  volume={9},
  number={2},
  pages={1645--1712},
  year={2015},
  publisher={The Institute of Mathematical Statistics and the Bernoulli Society}
}



@article{juditsky2016hypothesis,
  title={Hypothesis testing via affine detectors},
  author={Juditsky, Anatoli and Nemirovski, Arkadi and others},
  journal={Electronic journal of statistics},
  volume={10},
  number={2},
  pages={2204--2242},
  year={2016},
  publisher={The Institute of Mathematical Statistics and the Bernoulli Society}
}

@Article{zymler2013VaR,
  author  = {Zymler, Steve and Kuhn, Daniel and Rustem, Ber{\c{c}}},
  title   = {Worst-Case Value at Risk of Nonlinear Portfolios},
  journal = {Management Sci.},
  year    = {2013},
  volume  = {59},
  number  = {1},
  pages   = {172--188},
}

@Article{chen2018mixture,
  author    = {Chen, Zhiping and Peng, Shen and Liu, Jia},
  title     = {Data-Driven Robust Chance Constrained Problems: A Mixture Model Approach},
  journal   = {J Optimiz Theory App},
  year      = {2018},
  pages     = {1--21},
  publisher = {Springer},
}

@misc{blanchet2018structural,
  title={Optimal Transport Based Distributionally Robust Optimization: Structural Properties and Iterative Schemes},
  author={Blanchet, Jose and Murthy, Karthyek and Zhang, Fan},
  note={{\tt arXiv preprint arXiv:1810.02403 [math.OC]}},
  year={2018}
}

@Article{postek2018sip,
  author    = {Postek, Krzysztof and Romeijnders, Ward and den Hertog, Dick and van der Vlerk, Maarten H},
  title     = {An approximation framework for two-stage ambiguous stochastic integer programs under mean-MAD information},
  journal   = {Eur. J. Oper. Res.},
  year      = {2019},
  volume    = {274},
  number    = {2},
  pages     = {432--444},
  publisher = {Elsevier},
}

@Article{shapiro2017DRSP,
  author    = {Shapiro, Alexander},
  title     = {Distributionally robust stochastic programming},
  journal   = {SIAM J. Optim.},
  year      = {2017},
  volume    = {27},
  number    = {4},
  pages     = {2258--2275},
  publisher = {SIAM},
}

@Article{shapiro2016rectangular,
  author    = {Shapiro, Alexander},
  title     = {Rectangular sets of probability measures},
  journal   = {Oper. Res.},
  year      = {2016},
  volume    = {64},
  number    = {2},
  pages     = {528--541},
  publisher = {INFORMS},
}

@Article{shapiro2012minimax,
  author    = {Shapiro, Alexander},
  title     = {Minimax and risk averse multistage stochastic programming},
  journal   = {Eur. J. Oper. Res.},
  year      = {2012},
  volume    = {219},
  number    = {3},
  pages     = {719--726},
  publisher = {Elsevier},
}

@misc{shapiro2018tutorial,
  title={Tutorial on risk neutral, distributionally robust and risk averse multistage stochastic programming},
  author={Shapiro, Alexander},
  note={Optimization Online \url{http://www.optimization-online.org/DB_HTML/2018/02/6455.html}},
  year={2018}
}

@book{rockafellar1974duality,
author = {Rockafellar, R.},
title = {Conjugate Duality and Optimization},
publisher = {CBMS-NSF Regional Conference Series  in Applied Mathematics, Society for Industrial and Applied Mathematics},
year = {1974},
}

@Article{isii1962,
  author    = {Isii, Keiiti},
  title     = {On sharpness of Tchebycheff-type inequalities},
  journal   = {Ann I Stat Math},
  year      = {1962},
  volume    = {14},
  number    = {1},
  pages     = {185--197},
  publisher = {Springer},
}

@Inbook{shapiro2001duality,
author="Shapiro, Alexander",
editor="Goberna, Miguel {\'A}.
and L{\'o}pez, Marco A.",
title="On Duality Theory of Conic Linear Problems",
bookTitle="Semi-Infinite Programming: Recent Advances",
year="2001",
publisher="Springer US",
address="Boston, MA",
pages="135--165",
}

@article{natarajan2010PO,
  title={Tractable robust expected utility and risk models for portfolio optimization},
  author={Natarajan, Karthik and Sim, Melvyn and Uichanco, Joline},
  journal={Mathematical Finance: An International Journal of Mathematics, Statistics and Financial Economics},
  volume={20},
  number={4},
  pages={695--731},
  year={2010},
  publisher={Wiley Online Library}
}

@Article{vandenberghe2007,
  author    = {Vandenberghe, Lieven and Boyd, Stephen and Comanor, Katherine},
  title     = {Generalized {C}hebyshev bounds via semidefinite programming},
  journal   = {Siam Rev},
  year      = {2007},
  volume    = {49},
  number    = {1},
  pages     = {52--64},
  publisher = {SIAM},
}

@Article{goh2010tractable,
  author    = {Goh, Joel and Sim, Melvyn},
  title     = {Distributionally robust optimization and its tractable approximations},
  journal   = {Oper. Res.},
  year      = {2010},
  volume    = {58},
  number    = {4-part-1},
  pages     = {902--917},
  publisher = {INFORMS},
}

@Article{lotfi2018,
  author    = {Lotfi, Somayyeh and Zenios, Stavros A},
  title     = {Robust VaR and CVaR optimization under joint ambiguity in distributions, means, and covariances},
  journal   = {Eur. J. Oper. Res.},
  year      = {2018},
  volume    = {269},
  number    = {2},
  pages     = {556--576},
  publisher = {Elsevier},
}

@misc{blanchet2016EVT,
  title={On distributionally robust extreme value analysis},
  author={Blanchet, Jose and Murthy, Karthyek RA},
  note={{ \tt arXiv preprint arXiv:1601.06858 [math.ST]}},
  year={2016}
}

@misc{blanchet2016SOS,
  title={Sample out-of-sample inference based on {W}asserstein distance},
  author={Blanchet, Jose and Kang, Yang},
  note={{\tt arXiv preprint arXiv:1605.01340 [math.ST]}},
  year={2016}
}

@misc{blanchet2017DRO,
  title={Quantifying distributional model risk via optimal transport},
  author={Blanchet, Jose and Murthy, Karthyek RA},
  note={{\tt arXiv preprint arXiv:1604.01446 [math.PR]}},
  year={2017}
}

@Article{bertsimas2009uncertainty,
  author    = {Bertsimas, Dimitris and Brown, David B},
  title     = {Constructing uncertainty sets for robust linear optimization},
  journal   = {Oper. Res.},
  year      = {2009},
  volume    = {57},
  number    = {6},
  pages     = {1483--1495},
  publisher = {INFORMS},
}

@Article{nemirovski2006chance,
  author    = {Nemirovski, Arkadi and Shapiro, Alexander},
  title     = {Convex approximations of chance constrained programs},
  journal   = {SIAM J. Optim.},
  year      = {2006},
  volume    = {17},
  number    = {4},
  pages     = {969--996},
  publisher = {SIAM},
}

@incollection{hettich1978SIP,
address = {Berlin, Heidelberg, New York},
author = {Hettich, R and Jongen, H T},
booktitle = {Optimization Techniques, Lecture Notes in Control and Information Science},
chapter = {7},
editor = {Stoer, J},
pages = {82--97},
publisher = {Springer-Verlag},
title = {Semi-infinite programming: conditions of optimality and applications},
year = {1978}
}
@article{hettich1977conditions,
author = {Hettich, R and Jongen, H T},
journal = {Methods Oper. Res.},
pages = {82--97},
title = {On first and second order conditions for local optima for optimization problems in finite dimensions},
volume = {23},
year = {1977}
}

@Article{hettich1995,
  author  = {Hettich, R and Still, G},
  title   = {Second order optimality conditions for generalized semi-infinite programming problems},
  journal = {Lect Notes Econ Math},
  year    = {1995},
  volume  = {34},
  number  = {3},
  pages   = {195--211},
}

@Article{hettich1993,
  author  = {Hettich, R and Kortanek, K O},
  title   = {Semi-infinite programming: theory, methods, and applications},
  journal = {Siam Rev},
  year    = {1993},
  volume  = {35},
  number  = {3},
  pages   = {380--429},
}

@article{charnes1962duality,
  title={Duality, Haar programs, and finite sequence spaces},
  author={Charnes, A and Cooper, WW and Kortanek, K},
  journal={Proceedings of the National Academy of Sciences},
  volume={48},
  number={5},
  pages={783--786},
  year={1962},
  publisher={National Acad Sciences}
}

@Article{charnes1963duality,
  author    = {Charnes, A and Cooper, WW and Kortanek, K},
  title     = {Duality in semi-infinite programs and some works of Haar and Carath{\'e}odory},
  journal   = {Management Sci.},
  year      = {1963},
  volume    = {9},
  number    = {2},
  pages     = {209--228},
  publisher = {INFORMS},
}

@Article{charnes1969theory,
  author    = {Charnes, A and Cooper, WW and Kortanek, KO},
  title     = {On the theory of semi-infinite programming and a generalization of the {K}uhn-{T}ucker saddle point theorem for arbitrary convex functions},
  journal   = {Nav Res Logist Q},
  year      = {1969},
  volume    = {16},
  number    = {1},
  pages     = {41--52},
  publisher = {Wiley Online Library},
}

@article{haar1924,
author = {Haar, A},
journal = {Acta Mathematica Szeged},
title = {{{\"{U}}her linear Ungleichungen}},
volume = {2},
year = {1924}
}

@Article{nuernberger1985SIP,
  author  = {Nuernberger, G},
  title   = {Global unicity in semi-infinite optimization},
  journal = {Numer. Funct. Anal. Optim.},
  year    = {1985},
  volume  = {8},
  pages   = {173--191},
}


@article{nuernberger1985Opt,
title={Global unicity in optimization and approximation},
  author={N{\"u}rnberger, G{\"u}nther},
  journal={Zeitschrift f{\"u}r angewandte Mathematik und Mechanik: ZAMM},
  volume={65},
  number={5},
  pages={T319--T321},
  year={1985},
  publisher={Wiley-VCH}
}

@Article{still1999,
  author  = {Still, G},
  title   = {Generalized semi-infinite programming: theory and methods},
  journal = {Eur. J. Oper. Res.},
  year    = {1999},
  volume  = {119},
  pages   = {301--313},
}

@Article{wang2015,
  author  = {Wang, S and Yuan, Y},
  title   = {Feasible method for semi-infinite programs},
  journal = {SIAM J. Optim.},
  year    = {2015},
  volume  = {25},
  number  = {4},
  pages   = {2537--2560},
}

@Article{lin2014,
  author    = {Lin, Qun and Loxton, Ryan and Teo, Kok Lay and Wu, Yong Hong and Yu, Changjun},
  title     = {A new exact penalty method for semi-infinite programming problems},
  journal   = {J Comput Appl Math},
  year      = {2014},
  volume    = {261},
  pages     = {271--286},
  publisher = {Elsevier},
}

@Article{kortanek1993,
  author    = {Kortanek, Kenneth O and No, Hoon},
  title     = {A central cutting plane algorithm for convex semi-infinite programming problems},
  journal   = {SIAM J. Optim.},
  year      = {1993},
  volume    = {3},
  number    = {4},
  pages     = {901--918},
  publisher = {SIAM},
}

@Article{xu2014,
  author    = {Xu, Mengwei and Wu, Soon-Yi and Jane, J Ye},
  title     = {Solving semi-infinite programs by smoothing projected gradient method},
  journal   = {Comput. Optim. Appl.},
  year      = {2014},
  volume    = {59},
  number    = {3},
  pages     = {591--616},
  publisher = {Springer},
}

@Article{yang2016,
  author    = {Yang, Xiaoqi and Chen, Zhangyou and Zhou, Jinchuan},
  title     = {Optimality conditions for semi-infinite and generalized semi-infinite programs via lower order exact penalty functions},
  journal   = {J Optimiz Theory App},
  year      = {2016},
  volume    = {169},
  number    = {3},
  pages     = {984--1012},
  publisher = {Springer},
}

@incollection{reemtsen1998,
address = {Boston},
author = {Reemtsen, R and G{\"{o}}rner, S},
booktitle = {Semi-infinite Programming, Nonconvex Optimization and Its Applications},
chapter = {25},
editor = {Reemtsen, R and R{\"{u}}ckmann, J J},
pages = {195--275},
publisher = {Kluwer Boston},
title = {Numerical methods for semi-infinite programming: A survey},
year = {1998}
}

@Article{lopez2007,
  author    = {L{\'o}pez, Marco and Still, Georg},
  title     = {Semi-infinite programming},
  journal   = {Eur. J. Oper. Res.},
  year      = {2007},
  volume    = {180},
  number    = {2},
  pages     = {491--518},
  publisher = {Elsevier},
}

@Article{natarajan2009constructing,
  author    = {Natarajan, Karthik and Pachamanova, Dessislava and Sim, Melvyn},
  title     = {Constructing risk measures from uncertainty sets},
  journal   = {Oper. Res.},
  year      = {2009},
  volume    = {57},
  number    = {5},
  pages     = {1129--1141},
  publisher = {INFORMS},
}


@Inbook{kusuoka2001,
author="Kusuoka, Shigeo",
editor="Kusuoka, Shigeo
and Maruyama, Toru",
title="On law invariant coherent risk measures",
bookTitle="Advances in Mathematical Economics",
year="2001",
publisher="Springer Japan",
address="Tokyo",
pages="83--95",
volume="3",
}

@Article{shapiro2013kusuoka,
  author    = {Shapiro, Alexander},
  title     = {On Kusuoka representation of law invariant risk measures},
  journal   = {Math Oper Res},
  year      = {2013},
  volume    = {38},
  number    = {1},
  pages     = {142--152},
  publisher = {INFORMS},
}

@Article{ruszczynski2006optimization,
  author    = {Ruszczy{\'n}ski, Andrzej and Shapiro, Alexander},
  title     = {Optimization of convex risk functions},
  journal   = {Math Oper Res},
  year      = {2006},
  volume    = {31},
  number    = {3},
  pages     = {433--452},
  publisher = {INFORMS},
}

@Book{rockafellar1997,
  author    = {Rockafellar, R.T.},
  title     = {Convex Analysis},
  year      = {1997},
  series    = {Princeton landmarks in mathematics and physics},
  publisher = {Princeton University Press},
}

@misc{gotoh2017,
  author  = {Gotoh, Jun-ya and Kim, Michael Jong and Lim, Andrew E B},
  title   = {Calibration of Distributionally Robust Empirical Optimization Models},
  note = {{\tt arXiv:1711.06565 [stat.ML]}},
  year    = {2017},
}

@article{dudley1969,
  title={The speed of mean {G}livenko-{C}antelli convergence},
  author={Dudley, RM},
  journal={The Annals of Mathematical Statistics},
  volume={40},
  number={1},
  pages={40--50},
  year={1969},
  publisher={JSTOR}
}

@Article{bental2015nonlinear,
  author    = {Ben-Tal, Aharon and Den Hertog, Dick and Vial, Jean-Philippe},
  title     = {Deriving robust counterparts of nonlinear uncertain inequalities},
  journal   = {Math. Program.},
  year      = {2015},
  volume    = {149},
  number    = {1-2},
  pages     = {265--299},
  publisher = {Springer},
}

@Article{fournier2015,
  author    = {Fournier, Nicolas and Guillin, Arnaud},
  title     = {On the rate of convergence in {W}asserstein distance of the empirical measure},
  journal   = {Probab Theory Rel},
  year      = {2015},
  volume    = {162},
  number    = {3-4},
  pages     = {707--738},
  publisher = {Springer},
}

@inproceedings{bolley2005,
  title={Weighted {C}sisz{\'a}r-{K}ullback-{P}insker inequalities and applications to transportation inequalities},
  author={Bolley, Fran{\c{c}}ois and Villani, C{\'e}dric},
  booktitle={Annales de la facult{\'e} des sciences de Toulouse: Math{\'e}matiques},
  volume={14},
  number={3},
  pages={331--352},
  year={2005},
  organization={Universit{\'e} Paul Sabatier}
}

@book{villani2008,
  title={Optimal transport: old and new},
  author={Villani, C{\'e}dric},
  volume={338},
  year={2008},
  publisher={Springer Science \& Business Media}
}

@book{rachev1998,
  title={Mass Transportation Problems: Volume I: Theory},
  author={Rachev, Svetlozar T and R{\"u}schendorf, Ludger},
  volume={1},
  year={1998},
  publisher={Springer Science \& Business Media}
}

@book{dembo1998,
  title={Large deviations techniques and applications},
  author={Dembo, Amir and Zeitouni, Ofer},
  series={Stochastic Modelling and Applied Probability},
  year={1998},
  volume={38},
  publisher={Springer}
}

@Article{gibbs2002,
  author    = {Gibbs, Alison L and Su, Francis Edward},
  title     = {On choosing and bounding probability metrics},
  journal   = {Int Stat Rev},
  year      = {2002},
  volume    = {70},
  number    = {3},
  pages     = {419--435},
  publisher = {Wiley Online Library},
}

@book{reiss1989,
  title={Approximate distributions of order statistics: with applications to nonparametric statistics},
  author={Reiss, Rolf-Dieter},
  year={1989},
  publisher={Springer science \& business media}
}

@book{devroye1985,
  title={Nonparametric density estimation: The {L}1 View},
  author={Devroye, Luc and Gyorfi, Laszlo},
  year={1985},
  publisher={John Wiley}
}

@Article{hu2011budget,
  author    = {Hu, Jian and Homem-De-Mello, Tito and Mehrotra, Sanjay},
  title     = {Risk-adjusted budget allocation models with application in homeland security},
  journal   = {IIE Trans.},
  year      = {2011},
  volume    = {43},
  number    = {12},
  pages     = {819--839},
  publisher = {Taylor \& Francis},
}

@Article{hu2012MO,
  author    = {Hu, Jian and Mehrotra, Sanjay},
  title     = {Robust and stochastically weighted multiobjective optimization models and reformulations},
  journal   = {Oper. Res.},
  year      = {2012},
  volume    = {60},
  number    = {4},
  pages     = {936--953},
  publisher = {INFORMS},
}

@Article{hu2015utility,
  author    = {Hu, Jian and Mehrotra, Sanjay},
  title     = {Robust decision making over a set of random targets or risk-averse utilities with an application to portfolio optimization},
  journal   = {IIE Trans.},
  year      = {2015},
  volume    = {47},
  number    = {4},
  pages     = {358--372},
  publisher = {Taylor \& Francis},
}

@Article{hu2018utility,
  author    = {Hu, Jian and Bansal, Manish and Mehrotra, Sanjay},
  title     = {Robust decision making using a general utility set},
  journal   = {Eur. J. Oper. Res.},
  year      = {2018},
  volume    = {269},
  number    = {2},
  pages     = {699--714},
  publisher = {Elsevier},
}

@Article{homemdemello2009,
  author    = {Homem-De-Mello, Tito and Mehrotra, Sanjay},
  title     = {A cutting-surface method for uncertain linear programs with polyhedral stochastic dominance constraints},
  journal   = {SIAM J. Optim.},
  year      = {2009},
  volume    = {20},
  number    = {3},
  pages     = {1250--1273},
  publisher = {SIAM},
}

@Article{dentcheva2009,
  author    = {Dentcheva, Darinka and Ruszczy{\'n}ski, Andrzej},
  title     = {Optimization with multivariate stochastic dominance constraints},
  journal   = {Math. Program.},
  year      = {2009},
  volume    = {117},
  number    = {1-2},
  pages     = {111--127},
  publisher = {Springer},
}

@Article{hu2012SAA,
  author    = {Hu, Jian and Homem-De-Mello, Tito and Mehrotra, Sanjay},
  title     = {Sample average approximation of stochastic dominance constrained programs},
  journal   = {Math. Program.},
  year      = {2012},
  volume    = {133},
  number    = {1-2},
  pages     = {171--201},
  publisher = {Springer},
}

@Article{hu2014weighted,
  author    = {Hu, Jian and Homem-De-Mello, Tito and Mehrotra, Sanjay},
  title     = {Stochastically weighted stochastic dominance concepts with an application in capital budgeting},
  journal   = {Eur. J. Oper. Res.},
  year      = {2014},
  volume    = {232},
  number    = {3},
  pages     = {572--583},
  publisher = {Elsevier},
}

@misc{hu2014shape,
  title = {A Robust Additive Multiattribute Preference Model using a Nonparametric Shape-Preserving Perturbation},
  author  = {Hu, Jian and Liu, Yung-wen and Mehrotra, Sanjay},
  year   = {2014},
  note   = {Optimization Online \url{http://www.optimization-online.org/DB_HTML/2014/01/4195.html}},
}

@Article{liu2018equilibrium,
  author    = {Liu, Yongchao and Xu, Huifu and Yang, Shu-Jung Sunny and Zhang, Jin},
  title     = {Distributionally robust equilibrium for continuous games: Nash and Stackelberg models},
  journal   = {Eur. J. Oper. Res.},
  year      = {2018},
  volume    = {265},
  number    = {2},
  pages     = {631--643},
  publisher = {Elsevier},
}

@article{kouri2018existence,
  title={Existence and Optimality Conditions for Risk-Averse PDE-Constrained Optimization},
  author={Kouri, Drew Philip and Surowiec, Thomas M},
  journal={SIAM/ASA Journal on Uncertainty Quantification},
  volume={6},
  number={2},
  pages={787--815},
  year={2018},
  publisher={SIAM}
}

@Article{kouri2017DRO,
  author    = {Kouri, Drew Philip},
  title     = {A Measure Approximation for Distributionally Robust PDE-Constrained Optimization Problems},
  journal   = {SIAM J. Numer. Anal.},
  year      = {2017},
  volume    = {55},
  number    = {6},
  pages     = {3147--3172},
  publisher = {SIAM},
}

@Article{kouri2016CVaR,
  author    = {Kouri, Drew P and Surowiec, Thomas M},
  title     = {Risk-averse PDE-constrained optimization using the conditional value-at-risk},
  journal   = {SIAM J. Optim.},
  year      = {2016},
  volume    = {26},
  number    = {1},
  pages     = {365--396},
  publisher = {SIAM},
}

@article{kouri2016DRO,
  title={PDE-Constrained Optimization under Uncertainty},
  author={Kouri, Drew P and Surowiec, Thomas M},
  journal={{SIAG}/{OPT} Views and News: A Forum for the {SIAM} {A}ctivity Group on Optimization},
  volume={25},
  number={2},
  year={2017},
  pages={1--8},
  publisher={SIAM},
  month={December},
  url={http://wiki.siam.org/siag-op/images/siag-op/3/31/ViewsAndNews-25-2.pdf},
}

@article{janak2007,
  title={A new robust optimization approach for scheduling under uncertainty: II. Uncertainty with known probability distribution},
  author={Janak, Stacy L and Lin, Xiaoxia and Floudas, Christodoulos A},
  journal={Computers \& chemical engineering},
  volume={31},
  number={3},
  pages={171--195},
  year={2007},
  publisher={Elsevier}
}

@inproceedings{ning2018PCA,
  title={Data-Driven Adaptive Robust Optimization Framework Based on Principal Component Analysis},
  author={Ning, Chao and You, Fengqi},
  booktitle={2018 Annual American Control Conference (ACC)},
  pages={3020--3025},
  year={2018},
  organization={IEEE}
}

@incollection{ning2018leveraging,
  title={Leveraging the Power of Big Data Analytics for Process Scheduling under Uncertainty using a Stochastic Robust Optimization Approach},
  author={Ning, Chao and You, Fengqi},
  editor = "Anton Friedl and Ji\u{r}\'{i} J. Kleme\u{s} and Stefan Radl and Petar S. Varbanov and Thomas Wallek",
  booktitle={28th European Symposium on Computer Aided Chemical Engineering},
  volume={43},
  pages={319--324},
  year={2018},
  publisher={Elsevier}
}

@incollection{shang2018process,
  title={Process Scheduling under Ambiguity Uncertainty Probability Distribution},
  author={Shang, Chao and You, Fengqi},
  editor = "Anton Friedl and Ji\u{r}\'{i} J. Kleme\u{s} and Stefan Radl and Petar S. Varbanov and Thomas Wallek",
  booktitle={Computer Aided Chemical Engineering},
  volume={43},
  pages={919--924},
  year={2018},
  publisher={Elsevier}
}


@article{shang2018SVC,
  title={Robust Optimization in High-Dimensional Data Space with Support Vector Clustering},
  author={Shang, Chao and You, Fengqi},
  journal={IFAC-PapersOnLine},
  volume={51},
  number={18},
  pages={19--24},
  year={2018},
  publisher={Elsevier}
}

@article{zhang2018petrochemical,
  title={Data-driven rolling-horizon robust optimization for petrochemical scheduling using probability density contours},
  author={Zhang, Yi and Feng, Yiping and Rong, Gang},
  journal={Computers \& Chemical Engineering},
  volume={115},
  pages={342--360},
  year={2018},
  publisher={Elsevier}
}

@misc{shang2018robust,
  title={Robust Model Predictive Control of Irrigation Systems with Active Uncertainty Learning and Data Analytics},
  author={Shang, Chao and Chen, Wei-Han and Stroock, Abraham Duncan and You, Fengqi},
  note={{\tt arXiv preprint arXiv:1810.05947 [cs.SY]}},
  year={2018}
}

@article{ning2018hedging,
  title={Hedging Against Uncertainty in Biomass Processing Network Design Using a Data-Driven Approach},
  author={Ning, Chao and Garcia, Daniel J and You, Fengqi},
  journal={Chemical Engineering Transactions},
  volume={70},
  pages={1837--1842},
  year={2018}
}

@article{shang2018DRO,
  title={Data-Driven Process Network Planning: A Distributionally Robust Optimization Approach},
  author={Shang, Chao and You, Fengqi},
  journal={IFAC-PapersOnLine},
  volume={51},
  number={18},
  pages={150--155},
  year={2018},
  publisher={Elsevier}
}

@misc{shang2018predictive,
  title={A data-driven robust optimization approach to stochastic model predictive control},
  author={Shang, Chao and You, Fengqi},
  note={{\tt arXiv preprint arXiv:1807.05146 [math.OC]}},
  year={2018}
}

@article{shang2018dDROscheduling,
  title={Distributionally robust optimization for planning and scheduling under uncertainty},
  author={Shang, Chao and You, Fengqi},
  journal={Computers \& Chemical Engineering},
  volume={110},
  pages={53--68},
  year={2018},
  publisher={Elsevier}
}

@article{ning2018kernel,
  title={Data-driven decision making under uncertainty integrating robust optimization with principal component analysis and kernel smoothing methods},
  author={Ning, Chao and You, Fengqi},
  journal={Computers \& Chemical Engineering},
  volume={112},
  pages={190--210},
  year={2018},
  publisher={Elsevier}
}

@article{ning2018computational,
  title={Data-driven stochastic robust optimization: General computational framework and algorithm leveraging machine learning for optimization under uncertainty in the big data era},
  author={Ning, Chao and You, Fengqi},
  journal={Computers \& Chemical Engineering},
  volume={111},
  pages={115--133},
  year={2018},
  publisher={Elsevier}
}



@misc{deng2018LEO,
  author = {Deng, Yunxiao and Sen, Suvrajeet},
  title  = {Learning Enabled Optimization: Towards a Fusion of Statistical Learning and Stochastic Optimization},
  year   = {2018},
  note   = {Optimization Online \url{http://www.optimization-online.org/DB_HTML/2017/03/5904.html}},
}


@incollection{xu2009LASSO,
title = {Robust Regression and Lasso},
author = {Xu, Huan and Caramanis, Constantine and Mannor, Shie},
booktitle = {Advances in Neural Information Processing Systems 21},
editor = {D. Koller and D. Schuurmans and Y. Bengio and L. Bottou},
pages = {1801--1808},
year = {2009},
publisher = {Curran Associates, Inc.},
url = {http://papers.nips.cc/paper/3596-robust-regression-and-lasso.pdf}
}

@Article{xu2010LASSO,
  author  = {H. Xu and C. Caramanis and S. Mannor},
  title   = {Robust Regression and Lasso},
  journal = {IEEE T Inform Theory},
  year    = {2010},
  volume  = {56},
  number  = {7},
  pages={3561-3574}, 
}

@PhdThesis{xu2009ML,
  title={Robust decision making and its applications in machine learning},
  author={Xu, Huan},
  year={2009},
  type    = {{Ph.D.} dissertation},
  address = {Montreal, Canada},
  school={McGill University}
}

@incollection{xu2010MDP,
title = {Distributionally Robust Markov Decision Processes},
author = {Xu, Huan and Mannor, Shie},
booktitle = {Advances in Neural Information Processing Systems 23},
editor = {J. D. Lafferty and C. K. I. Williams and J. Shawe-Taylor and R. S. Zemel and A. Culotta},
pages = {2505--2513},
year = {2010},
publisher = {Curran Associates, Inc.},
url = {http://papers.nips.cc/paper/3927-distributionally-robust-markov-decision-processes.pdf}
}

@Article{xu2012MDP,
  author  = {Xu, Huan and Mannor, Shie},
  title   = {Distributionally Robust Markov Decision Processes},
  journal = {Math Oper Res},
  year    = {2012},
  volume  = {37},
  number  = {2},
  pages   = {288-300},
}

@Article{xu2009SVM,
  author  = {Xu, Huan and Caramanis, Constantine and Mannor, Shie},
  title   = {Robustness and regularization of support vector machines},
  journal = {J Mach Learn Res},
  year    = {2009},
  volume  = {10},
  number  = {Jul},
  pages   = {1485--1510},
}

@Inbook{caramanis2012ML,
author="C. Caramanis and S. Mannor and H. Xu",
editor="Sra, Suvrit and Nowozin, Sebastian and Wright, Stephen J",
title="Robust Optimization for machine learning",
bookTitle="Optimization for machine learning",
year="2012",
publisher="MIT Press",
address="Boston, MA",
pages="135--165",
}

@Article{yu2016dMDP,
  author    = {Yu, Pengqian and Xu, Huan},
  title     = {Distributionally robust counterpart in Markov decision processes},
  journal   = {Ieee T Automat Contr},
  year      = {2016},
  volume    = {61},
  number    = {9},
  pages     = {2538--2543},
  publisher = {IEEE},
}

@Article{yang2016chance,
  author    = {Yang, Wenzhuo and Xu, Huan},
  title     = {Distributionally robust chance constraints for non-linear uncertainties},
  journal   = {Math. Program.},
  year      = {2016},
  volume    = {155},
  number    = {1-2},
  pages     = {231--265},
  publisher = {Springer},
}

@Article{xu2012distributional,
  author    = {Xu, Huan and Caramanis, Constantine and Mannor, Shie},
  title     = {A distributional interpretation of robust optimization},
  journal   = {Math Oper Res},
  year      = {2012},
  volume    = {37},
  number    = {1},
  pages     = {95--110},
  publisher = {INFORMS},
}

@misc{tulabandhula2014ML,
  title={Robust optimization using machine learning for uncertainty sets},
  author={Tulabandhula, Theja and Rudin, Cynthia},
  note={{\tt arXiv preprint arXiv:1407.1097[math.OC]}},
  year={2014}
}

@article{tulabandhula2013ML,
  title={Machine learning with operational costs},
  author={Tulabandhula, Theja and Rudin, Cynthia},
  journal={The Journal of Machine Learning Research},
  volume={14},
  number={1},
  pages={1989--2028},
  year={2013},
}

@Article{tulabandhula2014combining,
  author    = {Tulabandhula, Theja and Rudin, Cynthia},
  title     = {On combining machine learning with decision making},
  journal   = {Mach Learn},
  year      = {2014},
  volume    = {97},
  number    = {1-2},
  pages     = {33--64},
  publisher = {Springer},
}

@Article{ben1998robust,
  author    = {Ben-Tal, Aharon and Nemirovski, Arkadi},
  title     = {Robust convex optimization},
  journal   = {Math Oper Res},
  year      = {1998},
  volume    = {23},
  number    = {4},
  pages     = {769--805},
  publisher = {INFORMS},
}

@Article{ben2000robust,
  author    = {Ben-Tal, Aharon and Nemirovski, Arkadi},
  title     = {Robust solutions of linear programming problems contaminated with uncertain data},
  journal   = {Math. Program.},
  year      = {2000},
  volume    = {88},
  number    = {3},
  pages     = {411--424},
  publisher = {Springer},
}

@Article{charnes1959chance,
  author    = {Charnes, Abraham and Cooper, William W},
  title     = {Chance-constrained programming},
  journal   = {Management Sci.},
  year      = {1959},
  volume    = {6},
  number    = {1},
  pages     = {73--79},
  publisher = {INFORMS},
}

@Article{charnes1958chance,
  author    = {Charnes, Abraham and Cooper, William W and Symonds, Gifford H},
  title     = {Cost horizons and certainty equivalents: an approach to stochastic programming of heating oil},
  journal   = {Management Sci.},
  year      = {1958},
  volume    = {4},
  number    = {3},
  pages     = {235--263},
  publisher = {INFORMS},
}

@article{prekopa1974,
  title={Programming under probabilistic constraints with a random technology matrix},
  author={Pr{\'e}kopa, Andras},
  journal={Statistics: A Journal of Theoretical and Applied Statistics},
  volume={5},
  number={2},
  pages={109--116},
  year={1974},
  publisher={Taylor \& Francis}
}


@Inbook{dentcheva2006probabilistic,
author="Dentcheva, Darinka",
editor="Calafiore, Giuseppe
and Dabbene, Fabrizio",
title="Optimization Models with Probabilistic Constraints",
bookTitle="Probabilistic and Randomized Methods for Design under Uncertainty",
year="2006",
publisher="Springer",
address="London",
pages="49--97",
}

@inproceedings{prekopa1970probabilistic,
  title={On probabilistic constrained programming},
  author={Pr{\'e}kopa, A},
  booktitle={Proceedings of the Princeton symposium on mathematical programming},
  volume={113},
  pages={138},
  year={1970},
  organization={Princeton, NJ}
}

@InCollection{prekopa2003probabilistic,
  title={Probabilistic Programming}, 
  author={Pr{\'e}kopa, A},
  year={2003},
  publisher={Elsevier},
  editor    = {Ruszczy\'{n}ski, Andrzej and Shapiro, Alexander},
  volume    = {10},
  series    = {Handbooks in Operations Research and Management Science},
}


@InCollection{shapiro2003montecarlo,
  title={Monte Carlo Sampling Methods}, 
  author={Shapiro, Alexander},
  year={2003},
  publisher={Elsevier},
  editor    = {Ruszczy\'{n}ski, Andrzej and Shapiro, Alexander},
  volume    = {10},
  bookTitle    = {Handbooks in Operations Research and Management Science},
}



@book{ben2009RO,
  title={Robust optimization},
  author={Ben-Tal, Aharon and El Ghaoui, Laurent and Nemirovski, Arkadi},
  volume={28},
  year={2009},
  publisher={Princeton University Press}
}

@book{resnick2013PATH,
  title={A probability path},
  author={Resnick, Sidney I},
  year={1999},
  publisher={Springer Science \& Business Media}
}

@Article{rockafellar2002,
  author    = {Rockafellar, R Tyrrell and Uryasev, Stanislav},
  title     = {Conditional value-at-risk for general loss distributions},
  journal   = {J. Bank. Financ.},
  year      = {2002},
  volume    = {26},
  number    = {7},
  pages     = {1443--1471},
  publisher = {Elsevier},
}

@Article{rockafellar2000,
  author  = {Rockafellar, R Tyrrell and Uryasev, Stanislav},
  title   = {Optimization of conditional value-at-risk},
  journal = {J Risk},
  year    = {2000},
  volume  = {2},
  pages   = {21--42},
}

@InCollection{rockafellar2007,
  author    = {R. Tyrrell Rockafellar},
  title     = {Coherent approaches to risk in optimization under uncertainty},
  booktitle = {{OR} Tools and Applications: Glimpses of Future Technologies},
  year      = {2007},
  publisher = {INFORMS Tut{OR}ials in Operations Research},
  pages     = {38--61},
}

@Article{elghaoui1998SDP,
  author    = {El Ghaoui, Laurent and Oustry, Francois and Lebret, Herv{\'e}},
  title     = {Robust solutions to uncertain semidefinite programs},
  journal   = {SIAM J. Optim.},
  year      = {1998},
  volume    = {9},
  number    = {1},
  pages     = {33--52},
  publisher = {SIAM},
}

@Article{elghaoui1997lsq,
  author    = {El Ghaoui, Laurent and Lebret, Herv{\'e}},
  title     = {Robust solutions to least-squares problems with uncertain data},
  journal   = {Siam J Matrix Anal A},
  year      = {1997},
  volume    = {18},
  number    = {4},
  pages     = {1035--1064},
  publisher = {SIAM},
}

@Article{bental2009LMI,
  author    = {Ben-Tal, Aharon and Nemirovski, Arkadi},
  title     = {On safe tractable approximations of chance-constrained linear matrix inequalities},
  journal   = {Math Oper Res},
  year      = {2009},
  volume    = {34},
  number    = {1},
  pages     = {1--25},
  publisher = {INFORMS},
}


@Inbook{nemirovski2006scenario,
author="Nemirovski, Arkadi
and Shapiro, Alexander",
editor="Calafiore, Giuseppe
and Dabbene, Fabrizio",
title="Scenario Approximations of Chance Constraints",
bookTitle="Probabilistic and Randomized Methods for Design under Uncertainty",
year="2006",
publisher="Springer",
pages="3--47",
}

@book{bazaraa2013NLP,
  title={Nonlinear Programming: Theory and Algorithms},
  author={Bazaraa, Mokhtar S and Sherali, Hanif D and Shetty, Chitharanjan M},
  year={2006},
  edition={3rd},
  publisher={John Wiley \& Sons}
}


@book{bertsekas1999NLP,
  title={Nonlinear Programming},
  author={Bertsekas, Dimitri P},
  year={2016},
  edition={3rd},
  publisher={Athena scientific},
}

@book{ruszczynski2006NLP,
  title={Nonlinear optimization},
  author={Ruszczy{\'n}ski, Andrzej},
  year={2006},
  publisher={Princeton university press}
}

@book{landau1987moments,
  title={Moments in mathematics},
  editor={Landau, Henry J},
  series={Proceeding of Symposia in Applied Mathematics},
  volume={37},
  year={1987},
  publisher={American Mathematical Society},
  address={Providence, RI}
}

@Article{luedtke2008chance,
  author    = {Luedtke, James and Ahmed, Shabbir},
  title     = {A sample approximation approach for optimization with probabilistic constraints},
  journal   = {SIAM J. Optim.},
  year      = {2008},
  volume    = {19},
  number    = {2},
  pages     = {674--699},
  publisher = {SIAM},
}

@Article{polik2007survey,
  author    = {P{\'o}lik, Imre and Terlaky, Tam{\'a}s},
  title     = {A survey of the {S}-lemma},
  journal   = {Siam Rev},
  year      = {2007},
  volume    = {49},
  number    = {3},
  pages     = {371--418},
  publisher = {SIAM},
}

@Article{ben2006comprehensive,
  author    = {Ben-Tal, Aharon and Boyd, Stephen and Nemirovski, Arkadi},
  title     = {Extending scope of robust optimization: Comprehensive robust counterparts of uncertain problems},
  journal   = {Math. Program.},
  year      = {2006},
  volume    = {107},
  number    = {1-2},
  pages     = {63--89},
  publisher = {Springer},
}

@Article{quaranta2008CVaR,
  author    = {Quaranta, Anna Grazia and Zaffaroni, Alberto},
  title     = {Robust optimization of conditional value at risk and portfolio selection},
  journal   = {J. Bank. Financ.},
  year      = {2008},
  volume    = {32},
  number    = {10},
  pages     = {2046--2056},
  publisher = {Elsevier},
}

@Article{zhu2009CVaR,
  author    = {Zhu, Shushang and Fukushima, Masao},
  title     = {Worst-case conditional value-at-risk with application to robust portfolio management},
  journal   = {Oper. Res.},
  year      = {2009},
  volume    = {57},
  number    = {5},
  pages     = {1155--1168},
  publisher = {INFORMS},
}

@article{pacc2014,
  title={Robust portfolio choice with CVaR and VaR under distribution and mean return ambiguity},
  author={Pa{\c{c}}, A Burak and P{\i}nar, Mustafa {\c{C}}},
  journal={Top},
  volume={22},
  number={3},
  pages={875--891},
  year={2014},
  publisher={Springer}
}

@Article{ben1999LP,
  author    = {Ben-Tal, Aharon and Nemirovski, Arkadi},
  title     = {Robust solutions of uncertain linear programs},
  journal   = {Oper. Res. Lett.},
  year      = {1999},
  volume    = {25},
  number    = {1},
  pages     = {1--13},
  publisher = {Elsevier},
}

@Article{bertsimas2011REV,
  author    = {Bertsimas, Dimitris and Brown, David B and Caramanis, Constantine},
  title     = {Theory and applications of robust optimization},
  journal   = {Siam Rev},
  year      = {2011},
  volume    = {53},
  number    = {3},
  pages     = {464--501},
  publisher = {SIAM},
}

@Article{li2014REV,
  author    = {Li, Xiaobo and Natarajan, Karthik and Teo, Chung-Piaw and Zheng, Zhichao},
  title     = {Distributionally robust mixed integer linear programs: Persistency models with applications},
  journal   = {Eur. J. Oper. Res.},
  year      = {2014},
  volume    = {233},
  number    = {3},
  pages     = {459--473},
  publisher = {Elsevier},
}

@Article{han2014NV,
  author    = {Han, Qiaoming and Du, Donglei and Zuluaga, Luis F},
  title     = {A risk-and ambiguity-averse extension of the max-min newsvendor order formula},
  journal   = {Oper. Res.},
  year      = {2014},
  volume    = {62},
  number    = {3},
  pages     = {535--542},
  publisher = {INFORMS},
}

@Article{bertsimas2004probabilistic,
  author    = {Bertsimas, Dimitris and Natarajan, Karthik and Teo, Chung-Piaw},
  title     = {Probabilistic combinatorial optimization: Moments, semidefinite programming, and asymptotic bounds},
  journal   = {SIAM J. Optim.},
  year      = {2004},
  volume    = {15},
  number    = {1},
  pages     = {185--209},
  publisher = {SIAM},
}

@Article{halldorsson2003,
  author    = {Halld{\'o}rsson, Bjarni V and T{\"u}t{\"u}nc{\"u}, Reha H},
  title     = {An interior-point method for a class of saddle-point problems},
  journal   = {J Optimiz Theory App},
  year      = {2003},
  volume    = {116},
  number    = {3},
  pages     = {559--590},
  publisher = {Springer},
}

@PhdThesis{delage2009DY,
  title={Distributionally robust optimization in context of data-driven problems},
  author={Delage, Erick},
  year={2009},
  type    = {{Ph.D.} dissertation},
  address = {Stanford, California},
  school={Stanford University}
}

@Article{kim2015scheduling,
  author    = {Kim, Kibaek and Mehrotra, Sanjay},
  title     = {A two-stage stochastic integer programming approach to integrated staffing and scheduling with application to nurse management},
  journal   = {Oper. Res.},
  year      = {2015},
  volume    = {63},
  number    = {6},
  pages     = {1431--1451},
  publisher = {INFORMS},
}

@book{boyd2004CVX,
  title={Convex optimization},
  author={Boyd, Stephen and Vandenberghe, Lieven},
  year={2004},
  publisher={Cambridge University Press}
}

@misc{lam2016,
  title={Recovering best statistical guarantees via the empirical divergence-based distributionally robust optimization},
  author={Lam, Henry},
  note={{\tt arXiv preprint arXiv:1605.09349 [math.OC]}},
  year={2016}
}

@article{yang2018game,
  title={A dynamic game approach to distributionally robust safety specifications for stochastic systems},
  author={Yang, Insoon},
  journal={Automatica},
  volume={94},
  pages={94--101},
  year={2018},
  publisher={Elsevier}
}

@misc{yang2018control,
  title={{W}asserstein Distributionally Robust Stochastic Control: A Data-Driven Approach},
  author={Yang, Insoon},
  note={{\tt arXiv preprint arXiv:1812.09808 [math.OC]}},
  year={2018}
}


@inproceedings{vidyashankar2015,
 author = {Vidyashankar, Anand N. and Xu, Jie},
 title = {Stochastic Optimization Using {H}ellinger Distance},
 booktitle = {Proceedings of the 2015 Winter Simulation Conference},
 series={WSC '15},
 year = {2015},
 editors={L. Yilmaz, W. K. V. Chan, I. Moon, T. M. K. Roeder, C. Macal, and M. D. Rossetti},
 location = {Huntington Beach, California},
 pages = {3702--3713},
 publisher = {IEEE Press},
 address = {Piscataway, NJ, USA},
} 

@inproceedings{lam2013,
 author = {Lam, Henry and Ghosh, Soumyadip},
 title = {Iterative Methods for Robust Estimation Under Bivariate Distributional Uncertainty},
 booktitle = {Proceedings of the 2013 Winter Simulation Conference: Simulation: Making Decisions in a Complex World},
 series={WSC '13},
 year = {2013},
 editor={R. Pasupathy, S.-H. Kim, A. Tolk, R. Hill, and M. E. Kuhl},
 location = {Washington, D.C.},
 pages = {193--204},
 publisher = {IEEE Press},
 address = {Piscataway, NJ, USA},
} 


@misc{rontsis2018,
  title={Distributionally Ambiguous Optimization Techniques for Batch Bayesian Optimization},
  author={Rontsis, Nikitas and  Osborne, Michael A. and Goulart, Paul J.},
  note={{\tt arXiv preprint arXiv:1605.09349 stat.ML]}},
  year={2018}
}

@inproceedings{fathony2018,
  title={Distributionally Robust Graphical Models},
  author={Fathony, Rizal and Rezaei, Ashkan and Bashiri, Mohammad Ali and Zhang, Xinhua and Ziebart, Brian},
  booktitle={Advances in Neural Information Processing Systems 31},
  editor = {S. Bengio and H. Wallach and H. Larochelle and K. Grauman and N. Cesa-Bianchi and R. Garnett},
pages = {8354--8365},
year = {2018},
publisher = {Curran Associates, Inc.},
url = {http://papers.nips.cc/paper/8055-distributionally-robust-graphical-models.pdf}
}

@misc{chen2019,
  title={Distributionally Robust Optimization with Confidence Bands for Probability Density Functions},
  author={Chen, Xi and Lin, Qihang and Xu, Guanglin},
  note={{\tt arXiv preprint arXiv:1901.02169 [math.OC]}},
  year={2019}
}

@misc{duchi2018,
  title={Learning Models with Uniform Performance via Distributionally Robust Optimization},
  author={Duchi, John and Namkoong, Hongseok},
  note={{\tt arXiv preprint arXiv:1810.08750 [stat.ML]}},
  year={2018}
}

@incollection{lee2018stat,
title = {Minimax Statistical Learning with {W}asserstein distances},
author = {Lee, Jaeho and Raginsky, Maxim},
booktitle = {Advances in Neural Information Processing Systems 31},
editor = {S. Bengio and H. Wallach and H. Larochelle and K. Grauman and N. Cesa-Bianchi and R. Garnett},
pages = {2692--2701},
year = {2018},
publisher = {Curran Associates, Inc.},
url = {http://papers.nips.cc/paper/7534-minimax-statistical-learning-with-{W}asserstein-distances.pdf}
}

@Article{glanzer2018,
  author  = {Glanzer, Martin and Pflug, Georg Ch. and Pichler, Alois},
  title   = {Incorporating statistical model error into the calculation of acceptability prices of contingent claims},
  journal = {Math. Program.},
  volume={174},
  number={1-2},
  pages={499--524},
  year={2019},
  publisher={Springer}
}

@misc{singh2018,
  title={Minimax Distribution Estimation in {W}asserstein Distance},
  author={Singh, Shashank and P{\'o}czos, Barnab{\'a}s},
  note={{\tt arXiv preprint arXiv:1802.08855 [math.ST]}},
  year={2018},
}

@Article{lam2017tail,
  author    = {Lam, Henry and Mottet, Clementine},
  title     = {Tail analysis without parametric models: A worst-case perspective},
  journal   = {Oper. Res.},
  year      = {2017},
  volume    = {65},
  number    = {6},
  pages     = {1696--1711},
  publisher = {INFORMS},
}

@Article{tsochantaridis2005,
  author  = {Tsochantaridis, Ioannis and Joachims, Thorsten and Hofmann, Thomas and Altun, Yasemin},
  title   = {Large margin methods for structured and interdependent output variables},
  journal = {J Mach Learn Res},
  year    = {2005},
  volume  = {6},
  number  = {Sep},
  pages   = {1453--1484},
}

@inproceedings{lafferty2001,
 author = {Lafferty, John D. and McCallum, Andrew and Pereira, Fernando C. N.},
 title = {Conditional Random Fields: Probabilistic Models for Segmenting and Labeling Sequence Data},
 booktitle = {Proceedings of the Eighteenth International Conference on Machine Learning},
 series = {ICML '01},
 year = {2001},
 pages = {282--289},
 publisher = {Morgan Kaufmann Publishers Inc.},
 address = {San Francisco, CA, USA},
} 

@misc{duchi2016,
  title={Statistics of robust optimization: A generalized empirical likelihood approach},
  author={Duchi, John and Glynn, Peter and Namkoong, Hongseok},
  note={{\tt arXiv preprint arXiv:1610.03425 [stat.ML]}},
  year={2016}
}


@incollection{farnia2016,
title = {A Minimax Approach to Supervised Learning},
author = {Farnia, Farzan and Tse, David},
booktitle = {Advances in Neural Information Processing Systems 29},
editor = {D. D. Lee and M. Sugiyama and U. V. Luxburg and I. Guyon and R. Garnett},
pages = {4240--4248},
year = {2016},
publisher = {Curran Associates, Inc.},
url = {http://papers.nips.cc/paper/6247-a-minimax-approach-to-supervised-learning.pdf}
}

@Article{bartlett2002,
  author  = {Bartlett, Peter L and Mendelson, Shahar},
  title   = {Rademacher and Gaussian complexities: Risk bounds and structural results},
  journal = {J Mach Learn Res},
  year    = {2002},
  volume  = {3},
  number  = {Nov},
  pages   = {463--482},
}

@book{shalev2014ML, 
title={Understanding Machine Learning: From Theory to Algorithms}, 
publisher={Cambridge University Press}, 
author={Shalev-Shwartz, Shai and Ben-David, Shai}, 
year={2014}}


@incollection{bayraksan2009quality,
  title={Assessing solution quality in stochastic programs via sampling},
  author={Bayraksan, G{\"u}zin and Morton, David P},
  booktitle={Decision Technologies and Applications},
  pages={102--122},
  year={2009},
  publisher={INFORMS Tut{OR}ials in Operations Research}
}

@Article{bayraksan2006quality,
  author    = {Bayraksan, G{\"u}zin and Morton, David P},
  title     = {Assessing solution quality in stochastic programs},
  journal   = {Math. Program.},
  year      = {2006},
  volume    = {108},
  number    = {2-3},
  pages     = {495--514},
  publisher = {Springer},
}

@Article{homem2014montecarlo,
  author    = {Homem-De-Mello, Tito and Bayraksan, G{\"u}zin},
  title     = {Monte Carlo sampling-based methods for stochastic optimization},
  journal   = {Surv. Oper. Res. Manage. Sci.},
  year      = {2014},
  volume    = {19},
  number    = {1},
  pages     = {56--85},
  publisher = {Elsevier},
}

@Inbook{mcdiarmid1998,
author="McDiarmid, Colin",
editor="Habib, Michel
and McDiarmid, Colin
and Ramirez-Alfonsin, Jorge
and Reed, Bruce",
title="Concentration",
bookTitle="Probabilistic Methods for Algorithmic Discrete Mathematics",
year="1998",
publisher="Springer Berlin Heidelberg",
address="Berlin, Heidelberg",
pages="195--248",
}

@INCOLLECTION{romisch2003,
author = {R\"{o}misch, Werner},
booktitle = "Stochastic Programming",
title = "Stability of Stochastic Programming Problems",
series = "Handbooks in Operations Research and Management Science",
publisher = "Elsevier",
volume = "10",
editor	= {Ruszczy\'{n}ski, Andrzej and Shapiro, Alexander},
pages = "483 - 554",
year = "2003"
}

@book{bonnans2013Perturbation,
  title={Perturbation analysis of optimization problems},
  author={Bonnans, J Fr{\'e}d{\'e}ric and Shapiro, Alexander},
  year={2013},
  publisher={Springer Science \& Business Media}
}

@book{rachev1991,
  title={Probability metrics and the stability of stochastic models},
  author={Rachev, Svetlozar Todorov},
  volume={269},
  year={1991},
  publisher={John Wiley \& Son Ltd}
}

@INPROCEEDINGS{lam2016input, 
author={H. Lam}, 
 booktitle = {Proceedings of the 2016 Winter Simulation Conference},
 series={WSC '16},
title={Advanced tutorial: Input uncertainty and robust analysis in stochastic simulation}, 
year={2016}, 
pages={178-192}, 
location={Washington, DC, USA},
 publisher = {IEEE Press},
 address = {Piscataway, NJ, USA},
 editors={T. M. K. Roeder, P. I. Frazier, R. Szechtman, E. Zhou, T. Huschka, and S. E. Chick},
}


@incollection{razaviyayn2015,
title = {Discrete {R}\'{e}nyi Classifiers},
author = {Razaviyayn, Meisam and Farnia, Farzan and Tse, David},
booktitle = {Advances in Neural Information Processing Systems 28},
editor = {C. Cortes and N. D. Lawrence and D. D. Lee and M. Sugiyama and R. Garnett},
pages = {3276--3284},
year = {2015},
publisher = {Curran Associates, Inc.},
url = {http://papers.nips.cc/paper/5698-discrete-renyi-classifiers.pdf}
}

@inproceedings{eban2014,
  title={Discrete {C}hebyshev classifiers},
  author={Eban, Elad and Mezuman, Elad and Globerson, Amir},
  booktitle={31st International Conference on Machine Learning},
  pages={1233--1241},
  year={2014},
}

@article{grunwald2004game,
  title={Game theory, maximum entropy, minimum discrepancy and robust Bayesian decision theory},
  author={Gr{\"u}nwald, Peter D and Dawid, A Philip},
  journal={the Annals of Statistics},
  volume={32},
  number={4},
  pages={1367--1433},
  year={2004},
  publisher={Institute of Mathematical Statistics}
}

@inproceedings{globerson2004,
  title={The minimum information principle for discriminative learning},
  author={Globerson, Amir and Tishby, Naftali},
  booktitle={Proceedings of the 20th conference on Uncertainty in artificial intelligence},
  pages={193--200},
  year={2004},
  organization={AUAI Press}
}

@Article{lanckriet2002,
  author  = {Lanckriet, Gert RG and Ghaoui, Laurent El and Bhattacharyya, Chiranjib and Jordan, Michael I},
  title   = {A robust minimax approach to classification},
  journal = {J Mach Learn Res},
  year    = {2002},
  volume  = {3},
  number  = {Dec},
  pages   = {555--582},
}

@book{owen2001empirical,
  title={Empirical likelihood},
  author={Owen, Art B},
  year={2001},
  publisher={Chapman and Hall/CRC}
}

@Article{ban2019,
  author  = {Ban, Gah-Yi and Rudin, Cynthia},
  title   = {The Big Data Newsvendor: Practical Insights from Machine Learning},
  journal = {Oper. Res.},
  year    = {2019},
  volume  = {67},
  number  = {1},
  pages   = {90-108},
}


@incollection{hannah2010,
title = {Nonparametric Density Estimation for Stochastic Optimization with an Observable State Variable},
author = {Lauren Hannah and Warren Powell and David M. Blei},
booktitle = {Advances in Neural Information Processing Systems 23},
editor = {J. D. Lafferty and C. K. I. Williams and J. Shawe-Taylor and R. S. Zemel and A. Culotta},
pages = {820--828},
year = {2010},
publisher = {Curran Associates, Inc.},
url = {http://papers.nips.cc/paper/4098-nonparametric-density-estimation-for-stochastic-optimization-with-an-observable-state-variable.pdf}
}


@misc{duchi2019,
  title={Distributionally Robust Losses Against
Mixture Covariate Shifts},
  author={John C. Duchi and Tatsunori Hashimoto, and Hongseok Namkoong},
  year={2019},
}

@Article{royset2017,
  author    = {Royset, Johannes O and Wets, Roger J-B},
  title     = {Variational theory for optimization under stochastic ambiguity},
  journal   = {SIAM J. Optim.},
  year      = {2017},
  volume    = {27},
  number    = {2},
  pages     = {1118--1149},
  publisher = {SIAM},
}

@Article{chen2009goal,
  author    = {Chen, Wenqing and Sim, Melvyn},
  title     = {Goal-driven optimization},
  journal   = {Oper. Res.},
  year      = {2009},
  volume    = {57},
  number    = {2},
  pages     = {342--357},
  publisher = {INFORMS},
}

@misc{ghosh2018sgd,
  title={Efficient Stochastic Gradient Descent for Distributionally Robust Learning},
  author={Ghosh, Soumyadip and Squillante, Mark and Wollega, Ebisa},
  note={{\tt arXiv preprint arXiv:1805.08728 [stat.ML]}},
  year={2018}
}

@incollection{namkoong2018,
title = {Stochastic Gradient Methods for Distributionally Robust Optimization with f-divergences},
author = {Namkoong, Hongseok and Duchi, John C},
booktitle = {Advances in Neural Information Processing Systems 29},
editor = {D. D. Lee and M. Sugiyama and U. V. Luxburg and I. Guyon and R. Garnett},
pages = {2208--2216},
year = {2016},
publisher = {Curran Associates, Inc.},
url = {http://papers.nips.cc/paper/6040-stochastic-gradient-methods-for-distributionally-robust-optimization-with-f-divergences.pdf}
}

@misc{ghosh2018,
  title={Robust Analysis in Stochastic Simulation: Computation and Performance Guarantees},
  author={Ghosh, Soumyadip and Lam, Henry},
  note={{\tt arXiv preprint arXiv:1507.05609 [math.PR]}},
  year={2018}
}
@incollection{namkoong2018variance,
title = {Variance-based Regularization with Convex Objectives},
author = {Namkoong, Hongseok and Duchi, John C},
booktitle = {Advances in Neural Information Processing Systems 30},
editor = {I. Guyon and U. V. Luxburg and S. Bengio and H. Wallach and R. Fergus and S. Vishwanathan and R. Garnett},
pages = {2971--2980},
year = {2017},
publisher = {Curran Associates, Inc.},
url = {http://papers.nips.cc/paper/6890-variance-based-regularization-with-convex-objectives.pdf}
}

@Article{sion1958,
  author    = {Sion, Maurice},
  title     = {On general minimax theorems},
  journal   = {Pac J Math},
  year      = {1958},
  volume    = {8},
  number    = {1},
  pages     = {171--176},
  publisher = {Pacific Journal of Mathematics},
}

@Article{shapiro2013worst,
  author    = {Shapiro, Alexander and Tekaya, Wajdi and Soares, Murilo Pereira and da Costa, Joari Paulo},
  title     = {Worst-case-expectation approach to optimization under uncertainty},
  journal   = {Oper. Res.},
  year      = {2013},
  volume    = {61},
  number    = {6},
  pages     = {1435--1449},
  publisher = {INFORMS},
}

@Article{rockafellar2015,
  author    = {Rockafellar, R Tyrrell and Royset, Johannes O},
  title     = {Measures of residual risk with connections to regression, risk tracking, surrogate models, and ambiguity},
  journal   = {SIAM J. Optim.},
  year      = {2015},
  volume    = {25},
  number    = {2},
  pages     = {1179--1208},
  publisher = {SIAM},
}

@Article{bental2007OCE,
  author    = {Ben-Tal, Aharon and Teboulle, Marc},
  title     = {An Old-New Concept of Convex Risk Measures: The Optimized Certainty Equivalent},
  journal   = {Math. Financ.},
  year      = {2007},
  volume    = {17},
  number    = {3},
  pages     = {449--476},
  publisher = {Wiley Online Library},
}

@Article{acerbi2002,
  author    = {Acerbi, Carlo},
  title     = {Spectral measures of risk: A coherent representation of subjective risk aversion},
  journal   = {J. Bank. Financ.},
  year      = {2002},
  volume    = {26},
  number    = {7},
  pages     = {1505--1518},
  publisher = {Elsevier},
}



@misc{ho2019,
  title={On Data-Driven Prescriptive Analytics with Side Information: A Regularized {N}adaraya-{W}atson Approach},
  author={Pang Ho, Chin and Hanasusanto, Grani},
  note={Optimziation Online \url{http://www.optimization-online.org/DB_HTML/2019/01/7043.html}},
  year={2019}
}



@misc{liu2019,
  title={Discrete Approximation Scheme in Distributionally Robust Optimization},
  author={Liu, Yongchao and Yuan, Xiaoming and Zhang, Jin},
  note={Optimziation Online \url{http://www.optimization-online.org/DB_HTML/2019/01/7040.html}},
  year={2019}
}

@Article{bertsimas2004norm,
  author    = {Bertsimas, Dimitris and Pachamanova, Dessislava and Sim, Melvyn},
  title     = {Robust linear optimization under general norms},
  journal   = {Oper. Res. Lett.},
  year      = {2004},
  volume    = {32},
  number    = {6},
  pages     = {510--516},
  publisher = {Elsevier},
}




@book{ben2001Convex,
author = {Ben-Tal, A. and Nemirovski, A.},
title = {Lectures on Modern Convex Optimization},
series={MOS-SIAM Series on Optimization},
publisher = {Society for Industrial and Applied Mathematics},
year = {2001},
}

@Article{dupavcova1990stability,
  author    = {Dupa{\v{c}}ov{\'a}, Jitka},
  title     = {Stability and sensitivity-analysis for stochastic programming},
  journal   = {Ann Oper Res},
  year      = {1990},
  volume    = {27},
  number    = {1},
  pages     = {115--142},
  publisher = {Springer},
}

@Article{heitsch2006stability,
  author    = {Heitsch, Holger and R{\"o}misch, Werner and Strugarek, Cyrille},
  title     = {Stability of multistage stochastic programs},
  journal   = {SIAM J. Optim.},
  year      = {2006},
  volume    = {17},
  number    = {2},
  pages     = {511--525},
  publisher = {SIAM},
}

@Article{rachev2002quantitative,
  author    = {Rachev, Svetlozar T and R{\"o}misch, Werner},
  title     = {Quantitative stability in stochastic programming: The method of probability metrics},
  journal   = {Math Oper Res},
  year      = {2002},
  volume    = {27},
  number    = {4},
  pages     = {792--818},
  publisher = {INFORMS},
}

@Article{schultz2000,
  author    = {Schultz, R{\"u}diger},
  title     = {Some aspects of stability in stochastic programming},
  journal   = {Ann Oper Res},
  year      = {2000},
  volume    = {100},
  number    = {1-4},
  pages     = {55--84},
  publisher = {Springer},
}

@Article{pflug2012distance,
  author    = {Pflug, Georg Ch and Pichler, Alois},
  title     = {A distance for multistage stochastic optimization models},
  journal   = {SIAM J. Optim.},
  year      = {2012},
  volume    = {22},
  number    = {1},
  pages     = {1--23},
  publisher = {SIAM},
}

@Article{gotoh2017support,
  author    = {Gotoh, Jun-ya and Uryasev, Stan},
  title     = {Support vector machines based on convex risk functions and general norms},
  journal   = {Ann Oper Res},
  year      = {2017},
  volume    = {249},
  number    = {1-2},
  pages     = {301--328},
  publisher = {Springer},
}

@book{mohri2018foundations,
  title={Foundations of machine learning},
  author={Mohri, Mehryar and Rostamizadeh, Afshin and Talwalkar, Ameet},
  year={2018},
  publisher={MIT press}
}

@article{demiguel2007optimal,
  title={Optimal versus naive diversification: How inefficient is the 1/{N} portfolio strategy?},
  author={DeMiguel, Victor and Garlappi, Lorenzo and Uppal, Raman},
  journal={The review of Financial studies},
  volume={22},
  number={5},
  pages={1915--1953},
  year={2007},
  publisher={Oxford University Press}
}

@Article{chen2008linear,
  author    = {Chen, Xin and Sim, Melvyn and Sun, Peng and Zhang, Jiawei},
  title     = {A linear decision-based approximation approach to stochastic programming},
  journal   = {Oper. Res.},
  year      = {2008},
  volume    = {56},
  number    = {2},
  pages     = {344--357},
  publisher = {INFORMS},
}

@Article{arpon2018,
  author    = {Arp{\'o}n, Sebasti{\'a}n and Homem-De-Mello, Tito and Pagnoncelli, Bernardo},
  title     = {Scenario reduction for stochastic programs with {C}onditional {V}alue-at-{R}isk},
  journal   = {Math. Program.},
  year      = {2018},
  volume    = {170},
  number    = {1},
  pages     = {327--356},
  publisher = {Springer},
}

@Article{heitsch2003scenario,
  author    = {Heitsch, Holger and R{\"o}misch, Werner},
  title     = {Scenario reduction algorithms in stochastic programming},
  journal   = {Comput. Optim. Appl.},
  year      = {2003},
  volume    = {24},
  number    = {2-3},
  pages     = {187--206},
  publisher = {Springer},
}

@Article{dupavcova2003scenario,
  author    = {Dupa{\v{c}}ov{\'a}, Jitka and Gr{\"o}we-Kuska, Nicole and R{\"o}misch, Werner},
  title     = {Scenario reduction in stochastic programming},
  journal   = {Math. Program.},
  year      = {2003},
  volume    = {95},
  number    = {3},
  pages     = {493--511},
  publisher = {Springer},
}

@Article{heitsch2009reduction,
  author    = {Heitsch, Holger and R{\"o}misch, Werner},
  title     = {Scenario tree reduction for multistage stochastic programs},
  journal   = {Comput. Management Sci.},
  year      = {2009},
  volume    = {6},
  number    = {2},
  pages     = {117--133},
  publisher = {Springer},
}

@Article{heitsch2009modeling,
  author    = {Heitsch, Holger and R{\"o}misch, Werner},
  title     = {Scenario tree modeling for multistage stochastic programs},
  journal   = {Math. Program.},
  year      = {2009},
  volume    = {118},
  number    = {2},
  pages     = {371--406},
  publisher = {Springer},
}

@Article{zhang2016decomp,
  author    = {Zhang, Weini and Rahimian, Hamed and Bayraksan, G{\"u}zin},
  title     = {Decomposition algorithms for risk-averse multistage stochastic programs with application to water allocation under uncertainty},
  journal   = {INFORMS J. Comput.},
  year      = {2016},
  volume    = {28},
  number    = {3},
  pages     = {385--404},
  publisher = {INFORMS},
}

@Article{armbruster2015,
  author    = {Armbruster, Benjamin and Luedtke, James},
  title     = {Models and formulations for multivariate dominance-constrained stochastic programs},
  journal   = {IIE Trans.},
  year      = {2015},
  volume    = {47},
  number    = {1},
  pages     = {1--14},
  publisher = {Taylor \& Francis},
}

@article{sharpe1966,
  title={Mutual fund performance},
  author={Sharpe, William F},
  journal={The Journal of business},
  volume={39},
  number={1},
  pages={119--138},
  year={1966},
  publisher={JSTOR}
}

@article{keating2002,
  title={A universal performance measure},
  author={Keating, Con and Shadwick, William F},
  journal={Journal of performance measurement},
  volume={6},
  number={3},
  pages={59--84},
  year={2002}
}

@Article{bental1986,
  author    = {Ben-Tal, Aharon and Teboulle, Marc},
  title     = {Expected utility, penalty functions, and duality in stochastic nonlinear programming},
  journal   = {Management Sci.},
  year      = {1986},
  volume    = {32},
  number    = {11},
  pages     = {1445--1466},
  publisher = {INFORMS},
}

@book{dharmadhikari1988unimodality,
  title={Unimodality, convexity, and applications},
  author={Dharmadhikari, Sudhakar and Joag-Dev, Kumar},
  year={1988},
  publisher={Academic Press},
  city={London},
}


@misc{wang2019OR,
  title={Distributionally Robust Chance-Constrained Assignment Problem with an Application to Operating Room Planning},
  author={Wang, Shanshan and Li, Jinlin and Mehrotra, Sanjay},
  note={Optimziation Online \url{http://www.optimization-online.org/DB_HTML/2019/05/7207.html}},
  year={2019}
}

@article{nishimura2004search,
  title={Search and {K}nightian uncertainty},
  author={Nishimura, Kiyohiko G and Ozaki, Hiroyuki},
  journal={J. Econ. Theory},
  volume={119},
  number={2},
  pages={299--333},
  year={2004},
  publisher={Elsevier}
}

@article{nishimura2004contamination,
 author = {Kiyohiko G. Nishimura and Hiroyuki Ozaki},
 journal = {J. Econ. Theory},
 number = {2},
 pages = {333--340},
 publisher = {Springer},
 title = {An Axiomatic Approach to $\epsilon$-Contamination},
 volume = {27},
 year = {2006}
}



@article{ben2004adjustable,
  title={Adjustable robust solutions of uncertain linear programs},
  author={Ben-Tal, Aharon and Goryashko, Alexander and Guslitzer, Elana and Nemirovski, Arkadi},
  journal={Math. Program.},
  volume={99},
  number={2},
  pages={351--376},
  year={2004},
  publisher={Springer}
}

@incollection{shapiro2005complexity,
  title={On complexity of stochastic programming problems},
  author={Shapiro, Alexander and Nemirovski, Arkadi},
  pages={111--146},
  year={2005},
  editor="Jeyakumar, Vaithilingam and Rubinov, Alexander",
title="On Complexity of Stochastic Programming Problems",
bookTitle="Continuous Optimization: Current Trends and Modern Applications",
  publisher={Springer}
}

@article{natarajan2011mixed,
  title={Mixed 0-1 linear programs under objective uncertainty: A completely positive representation},
  author={Natarajan, Karthik and Teo, Chung Piaw and Zheng, Zhichao},
  journal={Oper. Res.},
  volume={59},
  number={3},
  pages={713--728},
  year={2011},
  publisher={INFORMS}
}


@Comment{jabref-meta: databaseType:bibtex;}


