@article{alain2019negative,
  title={Negative eigenvalues of the Hessian in deep neural networks},
  author={Alain, Guillaume and Roux, Nicolas Le and Manzagol, Pierre-Antoine},
  journal={arXiv preprint arXiv:1902.02366},
  year={2019}
}
@inproceedings{arora2018stronger,
  title={Stronger generalization bounds for deep nets via a compression approach},
  author={Arora, Sanjeev and Ge, R and Neyshabur, B and Zhang, Y},
  booktitle={35th International Conference on Machine Learning, ICML 2018},
  year={2018}
}
@article{arora2017provable,
  title={Provable benefits of representation learning},
  author={Arora, Sanjeev and Risteski, Andrej},
  journal={arXiv preprint arXiv:1706.04601},
  year={2017}
}
@inproceedings{bartlett2017spectrally,
  title={Spectrally-normalized margin bounds for neural networks},
  author={Bartlett, Peter L and Foster, Dylan J and Telgarsky, Matus J},
  booktitle={Advances in Neural Information Processing Systems},
  pages={6240--6249},
  year={2017}
}
@inproceedings{berard2020closer,
  title={A Closer Look at the Optimization Landscapes of Generative Adversarial Networks},
  author={Berard, Hugo and Gidel, Gauthier and Almahairi, Amjad and Vincent, Pascal and Lacoste-Julien, Simon},
  booktitle={International Conference on Learning Representations},
  year={2020}
}
@article{bollapragada2018progressive,
  title={A progressive batching L-BFGS method for machine learning},
  author={Bollapragada, Raghu and Mudigere, Dheevatsa and Nocedal, Jorge and Shi, Hao-Jun Michael and Tang, Ping Tak Peter},
  journal={arXiv preprint arXiv:1802.05374},
  year={2018}
}
@article{chaudhari2019entropy,
  title={Entropy-sgd: Biasing gradient descent into wide valleys},
  author={Chaudhari, Pratik and Choromanska, Anna and Soatto, Stefano and LeCun, Yann and Baldassi, Carlo and Borgs, Christian and Chayes, Jennifer and Sagun, Levent and Zecchina, Riccardo},
  journal={Journal of Statistical Mechanics: Theory and Experiment},
  volume={2019},
  number={12},
  pages={124018},
  year={2019},
  publisher={IOP Publishing}
}
@inproceedings{dinh2017sharp,
  title={Sharp Minima Can Generalize For Deep Nets},
  author={Dinh, Laurent and Pascanu, Razvan and Bengio, Samy and Bengio, Yoshua},
  booktitle={International Conference on Machine Learning},
  pages={1019--1028},
  year={2017}
}
@inproceedings{dziugaite2017computing,
  author    = {Gintare Karolina Dziugaite and
               Daniel M. Roy},
  title     = {Computing Nonvacuous Generalization Bounds for Deep (Stochastic) Neural
               Networks with Many More Parameters than Training Data},
  booktitle = {Proceedings of the Thirty-Third Conference on Uncertainty in Artificial Intelligence, {UAI}},
  year      = {2017},
}
@article{fort2019emergent,
  title={Emergent properties of the local geometry of neural loss landscapes},
  author={Fort, Stanislav and Ganguli, Surya},
  journal={arXiv preprint arXiv:1910.05929},
  year={2019}
}
@article{frankle2019linear,
  title={Linear mode connectivity and the lottery ticket hypothesis},
  author={Frankle, Jonathan and Dziugaite, Gintare Karolina and Roy, Daniel M and Carbin, Michael},
  journal={arXiv preprint arXiv:1912.05671},
  year={2019}
}
@phdthesis{ge2013provable,
  title={Provable algorithms for machine learning problems},
  author={Ge, Rong and others},
  year={2013},
  school={Ph. D. thesis, Princeton University}
}
@inproceedings{ghorbani2019investigation,
  title={An Investigation into Neural Net Optimization via Hessian Eigenvalue Density},
  author={Ghorbani, Behrooz and Krishnan, Shankar and Xiao, Ying},
  booktitle={International Conference on Machine Learning},
  pages={2232--2241},
  year={2019}
}
@article{gur2018gradient,
  title={Gradient descent happens in a tiny subspace},
  author={Gur-Ari, Guy and Roberts, Daniel A and Dyer, Ethan},
  journal={arXiv preprint arXiv:1812.04754},
  year={2018}
}
@inproceedings{hoffer2018fix,
  title={Fix your classifier: the marginal value of training the last weight layer},
  author={Hoffer, Elad and Hubara, Itay and Soudry, Daniel},
  booktitle={International Conference on Learning Representations},
  year={2018}
}
@article{huang2019understanding,
  title={Understanding generalization through visualizations},
  author={Huang, W Ronny and Emam, Zeyad and Goldblum, Micah and Fowl, Liam and Terry, Justin K and Huang, Furong and Goldstein, Tom},
  journal={arXiv preprint arXiv:1906.03291},
  year={2019}
}
@inproceedings{jiang2019predicting,
  title={Predicting the Generalization Gap in Deep Networks with Margin Distributions},
  author={Jiang, Yiding and Krishnan, Dilip and Mobahi, Hossein and Bengio, Samy},
  booktitle={International Conference on Learning Representations},
  year={2019}
}
@inproceedings{jiang2020fantastic,
  title={Fantastic Generalization Measures and Where to Find Them},
  author={Jiang, Yiding and Neyshabur, Behnam and Mobahi, Hossein and Krishnan, Dilip and Bengio, Samy},
  booktitle={International Conference on Learning Representations},
  year={2020}
}
@inproceedings{keskar2017large,
  title={On Large-Batch Training for Deep Learning: Generalization Gap and Sharp Minima},
  author={Keskar, Nitish Shirish and Mudigere, Dheevatsa and Nocedal, Jorge and Smelyanskiy, Mikhail and Tang, Ping Tak Peter},
  booktitle={International Conference on Learning Representations},
  year={2017}
}
@article{kingma2014adam,
  title={Adam: A method for stochastic optimization},
  author={Kingma, Diederik P and Ba, Jimmy},
  journal={arXiv preprint arXiv:1412.6980},
  year={2014}
}
@inproceedings{kornblith2019similarity,
  title={Similarity of Neural Network Representations Revisited},
  author={Kornblith, Simon and Norouzi, Mohammad and Lee, Honglak and Hinton, Geoffrey},
  booktitle={International Conference on Machine Learning},
  pages={3519--3529},
  year={2019}
}
@article{lecun1998gradient,
  title={Gradient-based learning applied to document recognition},
  author={LeCun, Yann and Bottou, L{\'e}on and Bengio, Yoshua and Haffner, Patrick},
  journal={Proceedings of the IEEE},
  volume={86},
  number={11},
  pages={2278--2324},
  year={1998},
  publisher={Ieee}
}
@inproceedings{li2018measuring,
  title={Measuring the Intrinsic Dimension of Objective Landscapes},
  author={Li, Chunyuan and Farkhoor, Heerad and Liu, Rosanne and Yosinski, Jason},
  booktitle={International Conference on Learning Representations},
  year={2018}
}
@inproceedings{li2018visualizing,
  title={Visualizing the loss landscape of neural nets},
  author={Li, Hao and Xu, Zheng and Taylor, Gavin and Studer, Christoph and Goldstein, Tom},
  booktitle={Advances in Neural Information Processing Systems},
  pages={6389--6399},
  year={2018}
}
@article{li2019deep,
  title={Deep learning via dynamical systems: An approximation perspective},
  author={Li, Qianxiao and Lin, Ting and Shen, Zuowei},
  journal={arXiv preprint arXiv:1912.10382},
  year={2019}
}
@inproceedings{li2020hessian,
  title={Hessian based analysis of sgd for deep nets: Dynamics and generalization},
  author={Li, Xinyan and Gu, Qilong and Zhou, Yingxue and Chen, Tiancong and Banerjee, Arindam},
  booktitle={Proceedings of the 2020 SIAM International Conference on Data Mining},
  pages={190--198},
  year={2020},
  organization={SIAM}
}
@inproceedings{morcos2018importance,
  title={On the importance of single directions for generalization},
  author={Morcos, Ari S and Barrett, David GT and Rabinowitz, Neil C and Botvinick, Matthew},
  booktitle={International Conference on Learning Representations},
  year={2018}
}
@article{mulayoff2020unique,
  title={Unique Properties of Wide Minima in Deep Networks},
  author={Mulayoff, Rotem and Michaeli, Tomer},
  journal={arXiv preprint arXiv:2002.04710},
  year={2020}
}
@inproceedings{neyshabur2018pac,
  title={A PAC-Bayesian Approach to Spectrally-Normalized Margin Bounds for Neural Networks},
  author={Neyshabur, Behnam and Bhojanapalli, Srinadh and Srebro, Nathan},
  booktitle={International Conference on Learning Representations},
  year={2018}
}
@article{papyan2018full,
  title={The Full Spectrum of Deepnet Hessians at Scale: Dynamics with SGD Training and Sample Size},
  author={Papyan, Vardan},
  journal={arXiv preprint arXiv:1811.07062},
  year={2018}
}
@inproceedings{papyan2019measurements,
  title={Measurements of Three-Level Hierarchical Structure in the Outliers in the Spectrum of Deepnet Hessians},
  author={Papyan, Vardan},
  booktitle={International Conference on Machine Learning},
  pages={5012--5021},
  year={2019}
}
@article{pernici2019fix,
  title={Fix your features: Stationary and maximally discriminative embeddings using regular polytope (fixed classifier) networks},
  author={Pernici, Federico and Bruni, Matteo and Baecchi, Claudio and Del Bimbo, Alberto},
  journal={arXiv preprint arXiv:1902.10441},
  year={2019}
}
@article{qian2020we,
  title={Do We Need Fully Connected Output Layers in Convolutional Networks?},
  author={Qian, Zhongchao and Hayes, Tyler L and Kafle, Kushal and Kanan, Christopher},
  journal={arXiv preprint arXiv:2004.13587},
  year={2020}
}
@inproceedings{raghu2017svcca,
  title={Svcca: Singular vector canonical correlation analysis for deep learning dynamics and interpretability},
  author={Raghu, Maithra and Gilmer, Justin and Yosinski, Jason and Sohl-Dickstein, Jascha},
  booktitle={Advances in Neural Information Processing Systems},
  pages={6076--6085},
  year={2017}
}
@article{sagun2016eigenvalues,
  title={Eigenvalues of the hessian in deep learning: Singularity and beyond},
  author={Sagun, Levent and Bottou, Leon and LeCun, Yann},
  journal={arXiv preprint arXiv:1611.07476},
  year={2016}
}
@inproceedings{sagun2017empirical,
  author    = {Levent Sagun and
               Utku Evci and
               V. Ugur G{\"{u}}ney and
               Yann N. Dauphin and
               L{\'{e}}on Bottou},
  title     = {Empirical Analysis of the Hessian of Over-Parametrized Neural Networks},
  booktitle = {6th International Conference on Learning Representations, {ICLR} 2018, Workshop Track Proceedings},
  year      = {2018},
}
@inproceedings{singla2019understanding,
  title={Understanding Impacts of High-Order Loss Approximations and Features in Deep Learning Interpretation},
  author={Singla, Sahil and Wallace, Eric and Feng, Shi and Feizi, Soheil},
  booktitle={International Conference on Machine Learning},
  pages={5848--5856},
  year={2019}
}
@inproceedings{wang2018towards,
  title={Towards understanding learning representations: To what extent do different neural networks learn the same representation},
  author={Wang, Liwei and Hu, Lunjia and Gu, Jiayuan and Hu, Zhiqiang and Wu, Yue and He, Kun and Hopcroft, John},
  booktitle={Advances in Neural Information Processing Systems},
  pages={9584--9593},
  year={2018}
}
@article{yao2019pyhessian,
  title={PyHessian: Neural networks through the lens of the Hessian},
  author={Yao, Zhewei and Gholami, Amir and Keutzer, Kurt and Mahoney, Michael},
  journal={arXiv preprint arXiv:1912.07145},
  year={2019}
}
@inproceedings{yao2018hessian,
  title={Hessian-based analysis of large batch training and robustness to adversaries},
  author={Yao, Zhewei and Gholami, Amir and Lei, Qi and Keutzer, Kurt and Mahoney, Michael W},
  booktitle={Advances in Neural Information Processing Systems},
  pages={4949--4959},
  year={2018}
}
@article{yao2020adahessian,
  title={ADAHESSIAN: An Adaptive Second Order Optimizer for Machine Learning},
  author={Yao, Zhewei and Gholami, Amir and Shen, Sheng and Keutzer, Kurt and Mahoney, Michael W},
  journal={arXiv preprint arXiv:2006.00719},
  year={2020}
}
@inproceedings{zhang2017understanding,
  title={Understanding deep learning requires rethinking generalization},
  author={Zhang, Chiyuan and Bengio, Samy and Hardt, Moritz and Recht, Benjamin and Vinyals, Oriol},
  booktitle={International Conference on Learning Representations},
  year={2017}
}
@inproceedings{zhou2019non,
  title={Non-vacuous Generalization Bounds at the ImageNet Scale: a PAC-Bayesian Compression Approach},
  author={Zhou, Wenda and Veitch, Victor and Austern, Morgane and Adams, Ryan P and Orbanz, Peter},
  booktitle={International Conference on Learning Representations},
  year={2019}
}
@book{goodfellow2016deep,
  title={Deep Learning},
  author={Goodfellow, Ian and Bengio, Yoshua and Courville, Aaron},
  year={2016},
  publisher={MIT Press}
}
@inproceedings{martens2015optimizing,
  title={Optimizing neural networks with kronecker-factored approximate curvature},
  author={Martens, James and Grosse, Roger},
  booktitle={International conference on machine learning},
  pages={2408--2417},
  year={2015}
}
@inproceedings{grosse2016kronecker,
  title={A kronecker-factored approximate fisher matrix for convolution layers},
  author={Grosse, Roger and Martens, James},
  booktitle={International Conference on Machine Learning},
  pages={573--582},
  year={2016}
}
@article{heskes2000natural,
  title={On “natural” learning and pruning in multilayered perceptrons},
  author={Heskes, Tom},
  journal={Neural Computation},
  volume={12},
  number={4},
  pages={881--901},
  year={2000},
  publisher={MITP}
}
@article{povey2014parallel,
  title={Parallel training of DNNs with natural gradient and parameter averaging},
  author={Povey, Daniel and Zhang, Xiaohui and Khudanpur, Sanjeev},
  journal={arXiv preprint arXiv:1410.7455},
  year={2014}
}
@inproceedings{wu2017scalable,
  title={Scalable trust-region method for deep reinforcement learning using kronecker-factored approximation},
  author={Wu, Yuhuai and Mansimov, Elman and Grosse, Roger B and Liao, Shun and Ba, Jimmy},
  booktitle={Advances in neural information processing systems},
  pages={5279--5288},
  year={2017}
}
@inproceedings{ba2016distributed,
  author    = {Jimmy Ba and
               Roger B. Grosse and
               James Martens},
  title     = {Distributed Second-Order Optimization using Kronecker-Factored Approximations},
  booktitle = {5th International Conference on Learning Representations, {ICLR}},
  year      = {2017},
}
@inproceedings{martens2018kronecker,
  title={Kronecker-factored curvature approximations for recurrent neural networks},
  author={Martens, James and Ba, Jimmy and Johnson, Matt},
  booktitle={International Conference on Learning Representations},
  year={2018}
}
@inproceedings{zhang2018noisy,
  title={Noisy natural gradient as variational inference},
  author={Zhang, Guodong and Sun, Shengyang and Duvenaud, David and Grosse, Roger},
  booktitle={International Conference on Machine Learning},
  pages={5852--5861},
  year={2018}
}
@inproceedings{wang2019eigendamage,
  title={EigenDamage: Structured Pruning in the Kronecker-Factored Eigenbasis},
  author={Wang, Chaoqi and Grosse, Roger and Fidler, Sanja and Zhang, Guodong},
  booktitle={International Conference on Machine Learning},
  pages={6566--6575},
  year={2019}
}
  title={EigenDamage: Structured Pruning in the Kronecker-Factored Eigenbasis},
  author={Wang, Chaoqi and Grosse, Roger and Fidler, Sanja and Zhang, Guodong},
  booktitle={International Conference on Machine Learning},
  pages={6566--6575},
  year={2019}
}
@inproceedings{osawa2019large,
  title={Large-scale distributed second-order optimization using kronecker-factored approximate curvature for deep convolutional neural networks},
  author={Osawa, Kazuki and Tsuji, Yohei and Ueno, Yuichiro and Naruse, Akira and Yokota, Rio and Matsuoka, Satoshi},
  booktitle={Proceedings of the IEEE Conference on Computer Vision and Pattern Recognition},
  pages={12359--12367},
  year={2019}
}
@inproceedings{desjardins2015natural,
  title={Natural neural networks},
  author={Desjardins, Guillaume and Simonyan, Karen and Pascanu, Razvan and others},
  booktitle={Advances in neural information processing systems},
  pages={2071--2079},
  year={2015}
}
@inproceedings{george2018fast,
  title={Fast approximate natural gradient descent in a kronecker factored eigenbasis},
  author={George, Thomas and Laurent, C{\'e}sar and Bouthillier, Xavier and Ballas, Nicolas and Vincent, Pascal},
  booktitle={Advances in Neural Information Processing Systems},
  pages={9550--9560},
  year={2018}
}
@article{papyan2020traces,
  title={Traces of Class/Cross-Class Structure Pervade Deep Learning Spectra},
  author={Papyan, Vardan},
  journal={arXiv preprint arXiv:2008.11865},
  year={2020}
}
@article{mcallester1999some,
  title={Some pac-bayesian theorems},
  author={McAllester, David A},
  journal={Machine Learning},
  volume={37},
  number={3},
  pages={355--363},
  year={1999},
  publisher={Springer}
}
@techreport{langford2001bounds,
  title={Bounds for averaging classifiers},
  author={Langford, John and Seeger, Matthias},
  year={2001},
  publisher={Citeseer}
}
@article{catoni2007pac,
  title={PAC-Bayesian supervised classification: the thermodynamics of statistical learning},
  author={Catoni, Olivier},
  journal={arXiv preprint arXiv:0712.0248},
  year={2007}
}
@inproceedings{germain2016pac,
  title={PAC-Bayesian theory meets Bayesian inference},
  author={Germain, Pascal and Bach, Francis and Lacoste, Alexandre and Lacoste-Julien, Simon},
  booktitle={Advances in Neural Information Processing Systems},
  pages={1884--1892},
  year={2016}
}
@inproceedings{rivasplata2018pac,
  title={PAC-Bayes bounds for stable algorithms with instance-dependent priors},
  author={Rivasplata, Omar and Parrado-Hern{\'a}ndez, Emilio and Shawe-Taylor, John S and Sun, Shiliang and Szepesv{\'a}ri, Csaba},
  booktitle={Advances in Neural Information Processing Systems},
  pages={9214--9224},
  year={2018}
}
@article{neyshabur2017pac,
  title={A pac-bayesian approach to spectrally-normalized margin bounds for neural networks},
  author={Neyshabur, Behnam and Bhojanapalli, Srinadh and Srebro, Nathan},
  journal={arXiv preprint arXiv:1707.09564},
  year={2017}
}
@article{nagarajan2019deterministic,
  title={Deterministic PAC-bayesian generalization bounds for deep networks via generalizing noise-resilience},
  author={Nagarajan, Vaishnavh and Kolter, J Zico},
  journal={arXiv preprint arXiv:1905.13344},
  year={2019}
}
@inproceedings{neyshabur2017exploring,
  title={Exploring generalization in deep learning},
  author={Neyshabur, Behnam and Bhojanapalli, Srinadh and McAllester, David and Srebro, Nati},
  booktitle={Advances in neural information processing systems},
  pages={5947--5956},
  year={2017}
}
@inproceedings{dziugaite2018data,
  title={Data-dependent PAC-Bayes priors via differential privacy},
  author={Dziugaite, Gintare Karolina and Roy, Daniel M},
  booktitle={Advances in Neural Information Processing Systems},
  pages={8430--8441},
  year={2018}
}
@inproceedings{dziugaite2018entropy,
  title={Entropy-SGD optimizes the prior of a PAC-Bayes bound: Generalization properties of Entropy-SGD and data-dependent priors},
  author={Dziugaite, Gintare Karolina and Roy, Daniel},
  booktitle={International Conference on Machine Learning},
  pages={1377--1386},
  year={2018},
  organization={PMLR}
}
@inproceedings{jastrzebski2018relation,
author    = {Stanislaw Jastrzebski and
               Zachary Kenton and
               Nicolas Ballas and
               Asja Fischer and
               Yoshua Bengio and
               Amos J. Storkey},
  title     = {On the Relation Between the Sharpest Directions of {DNN} Loss and
               the {SGD} Step Length},
  booktitle = {7th International Conference on Learning Representations, {ICLR}},
  year = {2019}
}
@inproceedings{jacot2019asymptotic,
   author    = {Arthur Jacot and
               Franck Gabriel and
               Cl{\'{e}}ment Hongler},
  title     = {The asymptotic spectrum of the Hessian of {DNN} throughout training},
  booktitle = {8th International Conference on Learning Representations, {ICLR}},
  year      = {2020},
}
@inproceedings{dangel2020modular,
  title={Modular Block-diagonal Curvature Approximations for Feedforward Architectures},
  author={Dangel, Felix and Harmeling, Stefan and Hennig, Philipp},
  booktitle={International Conference on Artificial Intelligence and Statistics},
  pages={799--808},
  year={2020}
}
@inproceedings{ioffe2015batch,
  title={Batch Normalization: Accelerating Deep Network Training by Reducing Internal Covariate Shift},
  author={Ioffe, Sergey and Szegedy, Christian},
  booktitle={International Conference on Machine Learning},
  pages={448--456},
  year={2015}
}
@TECHREPORT{Krizhevsky09learningmultiple,
    author = {Alex Krizhevsky},
    title = {Learning multiple layers of features from tiny images},
    institution = {},
    year = {2009}
}
@inproceedings{simonyan2014very,
    author    = {Karen Simonyan and
               Andrew Zisserman},
  editor    = {Yoshua Bengio and
               Yann LeCun},
  title     = {Very Deep Convolutional Networks for Large-Scale Image Recognition},
  booktitle = {3rd International Conference on Learning Representations, {ICLR}},
  year      = {2015}
}
@incollection{NEURIPS2019_9015,
title = {PyTorch: An Imperative Style, High-Performance Deep Learning Library},
author = {Paszke, Adam and Gross, Sam and Massa, Francisco and Lerer, Adam and Bradbury, James and Chanan, Gregory and Killeen, Trevor and Lin, Zeming and Gimelshein, Natalia and Antiga, Luca and Desmaison, Alban and Kopf, Andreas and Yang, Edward and DeVito, Zachary and Raison, Martin and Tejani, Alykhan and Chilamkurthy, Sasank and Steiner, Benoit and Fang, Lu and Bai, Junjie and Chintala, Soumith},
booktitle = {Advances in Neural Information Processing Systems 32},
pages = {8024--8035},
year = {2019},
publisher = {Curran Associates, Inc.}
}
@techreport{paszke2017automatic,
  title={Automatic differentiation in pytorch},
  author={Paszke, Adam and Gross, Sam and Chintala, Soumith and Chanan, Gregory and Yang, Edward and DeVito, Zachary and Lin, Zeming and Desmaison, Alban and Antiga, Luca and Lerer, Adam},
  year={2017}
}
@misc{hessian-eigenthings,
    title        = {pytorch-hessian-eigentings: efficient PyTorch Hessian eigendecomposition},
    author       = {Golmant, Noah and Yao, Zhewei and Gholami, Amir and Mahoney, Michael and Gonzalez, Joseph},
    year         = {2018},
    url          = {https://github.com/noahgolmant/pytorch-hessian-eigenthings}
}
@inproceedings{keskar2016large,
  author    = {Nitish Shirish Keskar and
               Dheevatsa Mudigere and
               Jorge Nocedal and
               Mikhail Smelyanskiy and
               Ping Tak Peter Tang},
  title     = {On Large-Batch Training for Deep Learning: Generalization Gap and
               Sharp Minima},
  booktitle = {5th International Conference on Learning Representations, {ICLR}},
    year      = {2017}
}
@article{skorski2019chain,
  title={Chain Rules for Hessian and Higher Derivatives Made Easy by Tensor Calculus},
  author={Skorski, Maciej},
  journal={arXiv preprint arXiv:1911.13292},
  year={2019}
}
@inproceedings{glorot2010understanding,
  title={Understanding the difficulty of training deep feedforward neural networks},
  author={Glorot, Xavier and Bengio, Yoshua},
  booktitle={Proceedings of the thirteenth international conference on artificial intelligence and statistics},
  pages={249--256},
  year={2010}
}

@book{sra2012optimization,
  title={Optimization for machine learning},
  author={Sra, Suvrit and Nowozin, Sebastian and Wright, Stephen J},
  year={2012},
  publisher={Mit Press}
}
@article{fort2019stiffness,
  title={Stiffness: A new perspective on generalization in neural networks},
  author={Fort, Stanislav and Nowak, Pawe{\l} Krzysztof and Jastrzebski, Stanislaw and Narayanan, Srini},
  journal={arXiv preprint arXiv:1901.09491},
  year={2019}
}
@article{laurent2000adaptive,
  title={Adaptive estimation of a quadratic functional by model selection},
  author={Laurent, Beatrice and Massart, Pascal},
  journal={Annals of Statistics},
  pages={1302--1338},
  year={2000},
  publisher={JSTOR}
}
@article{zhu2012short,
  title={A short note on the tail bound of wishart distribution},
  author={Zhu, Shenghuo},
  journal={arXiv preprint arXiv:1212.5860},
  year={2012}
}
@article{kleinman1968design,
  title={The design of suboptimal linear time-varying systems},
  author={Kleinman, D and Athans, Michael},
  journal={IEEE Transactions on Automatic Control},
  volume={13},
  number={2},
  pages={150--159},
  year={1968},
  publisher={IEEE}
}
@inproceedings{
lee2017deep,
title={Deep Neural Networks as Gaussian Processes},
author={Jaehoon Lee and Jascha Sohl-dickstein and Jeffrey Pennington and Roman Novak and Sam Schoenholz and Yasaman Bahri},
booktitle={International Conference on Learning Representations, ICLR},
year={2018}
}
@article{karakida2019pathological,
  title={Pathological spectra of the fisher information metric and its variants in deep neural networks},
  author={Karakida, Ryo and Akaho, Shotaro and Amari, Shun-ichi},
  journal={arXiv preprint arXiv:1910.05992},
  year={2019}
}
@inproceedings{karakida2019universal,
  title={Universal statistics of fisher information in deep neural networks: Mean field approach},
  author={Karakida, Ryo and Akaho, Shotaro and Amari, Shun-ichi},
  booktitle={The 22nd International Conference on Artificial Intelligence and Statistics},
  pages={1032--1041},
  year={2019},
  organization={PMLR}
}
@inproceedings{karakida2019normalization,
 author = {Karakida, Ryo and Akaho, Shotaro and Amari, Shun-ichi},
 booktitle = {Advances in Neural Information Processing Systems},
 pages = {6406--6416},
 title = {The Normalization Method for Alleviating Pathological Sharpness in Wide Neural Networks},
 volume = {32},
 year = {2019}
}
@inproceedings{schoenholz2016deep,
  title={Deep information propagation},
  author={Schoenholz, Samuel S and Gilmer, Justin and Ganguli, Surya and Sohl-Dickstein, Jascha},
  booktitle ={International Conference on Learning Representations, ICLR},
  year={2017}
}
@article{vanDerMaaten2008,
  title={Visualizing data using t-SNE.},
  author={Van der Maaten, Laurens and Hinton, Geoffrey},
  journal={Journal of machine learning research},
  volume={9},
  number={11},
  year={2008}
}
@INPROCEEDINGS{kaiming2015,
  author={He, Kaiming and Zhang, Xiangyu and Ren, Shaoqing and Sun, Jian},
  booktitle={2016 IEEE Conference on Computer Vision and Pattern Recognition (CVPR)}, 
  title={Deep Residual Learning for Image Recognition}, 
  year={2016},
  pages={770-778},
doi={10.1109/CVPR.2016.90}}
@article{torralba2007tiny,
  title={80 million tiny images: A large data set for nonparametric object and scene recognition},
  author={Torralba, Antonio and Fergus, Rob and Freeman, William T},
  journal={IEEE transactions on pattern analysis and machine intelligence},
  volume={30},
  number={11},
  pages={1958--1970},
  year={2008},
  publisher={IEEE}
}
@article{singh2021analytic,
  title={Analytic Insights into Structure and Rank of Neural Network Hessian Maps},
  author={Singh, Sidak Pal and Bachmann, Gregor and Hofmann, Thomas},
  journal={Advances in Neural Information Processing Systems},
  volume={34},
  year={2021}
}
@article{liao2021hessian,
  title={Hessian eigenspectra of more realistic nonlinear models},
  author={Liao, Zhenyu and Mahoney, Michael W},
  journal={Advances in Neural Information Processing Systems},
  volume={34},
  year={2021}
}