%%
%% WinShell 3.3.2.6
%% http://www.winshell.org/
%%

% Strings
@string{CL = "Computational Linguistics"}
@string{TACL = "Transactions of the Association of Computational Linguistics (TACL)"}
@string{ACL = "Proceedings of the Annual Meeting of the Association for Computational Linguistics (ACL)"}
@string{ACL-HLT = "Proceedings of the Annual Meeting of the Association for Computational Linguistics: Human Language Technologies (ACL-HLT)"}
@string{ACL-IJCNLP = "Proceedings of the Joint Conference of the Annual Meeting of the Association for Computational Linguistics and the International Joint Conference on Natural Language Processing (ACL-IJCNLP)"}
@string{NAACL-HLT = "Proceedings of the Annual Conference of the North American Chapter of the Association for Computational Linguistics: Human Language Technologies (NAACL-HLT)"}
@string{EACL = "Proceedings of the Conference of the European Chapter of the Association for Computational Linguistics (EACL)"}
@string{EMNLP = "Proceedings of the Conference on Empirical Methods in Natural Language Processing (EMNLP)"}
@string{COLING = "Proceedings of the International Conference on Computational Linguistics (COLING)"}
@string{CONLL = "Proceedings of the Conference on Natural Language Learning (CoNLL)"}
@string{LREC= "Proceedings of the Language Resources and Evaluation Conference (LREC)"}
@string{ICLR = "Proceedings of the International Conference on Learning Representations (ICLR)"}
@string{NeurIPS = "Proceedings of Conference on Neural Information Processing Systems (NeurIPS)"}
@string{ICCV= "Proceedings of International Conference on Computer Vision (ICCV)"}
@string{WMT = "Proceedings of the Workshop on Statistical Machine Translation (WMT)"}
@string{IWPT = "Proceedings of the International Workshop on Parsing Technology (IWPT)"}
@string{ALTW = "Proceedings of the Australasian Language Technology Workshop (ALTW)"}
@string{IWP = "Proceedings of the International Workshop on Paraphrasing (IWP)"}
@string{SSST = "Proceedings of the Workshop on Syntax, Semantics and Structure in Statistical Translation (SSST)"}
@string{SemEval ="Proceedings of the International Workshop on Semantic Evaluation (SemEval)"}
@string{arXiv="arXiv"}


% Preamble


% BibTeX Entries
%%%%% Our Papers %%%%%
@inproceedings{arase:emnlp2017,
 author               = {Arase, Yuki and Tsujii, Jun'ichi},
 booktitle            = EMNLP,
 address             = {Copenhagen, Denmark},
 pages                = {1--11},
 title                = {Monolingual Phrase Alignment on Parse Forests},
 url                  = {http://aclweb.org/anthology/D17-1001},
 year                 = {2017},
 month                = {September}
 }

%%%%% Related Work %%%%%
@inproceedings{bert,
    title = "{BERT}: Pre-training of Deep Bidirectional Transformers for Language Understanding",
    author = "Devlin, Jacob  and
      Chang, Ming-Wei  and
      Lee, Kenton  and
      Toutanova, Kristina",
    booktitle = NAACL-HLT,
    year = "2019",
    url = "https://www.aclweb.org/anthology/N19-1423",
    pages = "4171--4186"
}

@InProceedings{elmo,
  author = 	"Peters, Matthew
		and Neumann, Mark
		and Iyyer, Mohit
		and Gardner, Matt
		and Clark, Christopher
		and Lee, Kenton
		and Zettlemoyer, Luke",
  title = 	"Deep Contextualized Word Representations",
  booktitle = 	NAACL-HLT,
  year = 	"2018",
  pages = 	"2227--2237",
  address = 	"New Orleans, Louisiana",
  doi = 	"10.18653/v1/N18-1202",
  url = 	"http://aclweb.org/anthology/N18-1202"
}

@article{xlnet,
 author    = {Zhilin Yang and
               Zihang Dai and
               Yiming Yang and
               Jaime G. Carbonell and
               Ruslan Salakhutdinov and
               Quoc V. Le},
  title     = {{XLNet}: Generalized Autoregressive Pretraining for Language Understanding},
  journal = 	ArXiv,
  year = 	"2019",
  volume    = {1906.08237},
  url = {http://arxiv.org/abs/1906.08237}
}

@inproceedings{glue,
title={{GLUE}: A Multi-Task Benchmark and Analysis Platform for Natural Language Understanding},
author={Alex Wang and Amanpreet Singh and Julian Michael and Felix Hill and Omer Levy and Samuel R. Bowman},
booktitle=ICLR,
year={2019},
url={https://openreview.net/forum?id=rJ4km2R5t7},
}

@InProceedings{transformer,
title = {Attention is All you Need},
author = {Vaswani, Ashish and Shazeer, Noam and Parmar, Niki and Uszkoreit, Jakob and Jones, Llion and Gomez, Aidan N and Kaiser, \L ukasz and Polosukhin, Illia},
booktitle = NeurIPS,
pages = {5998--6008},
year = {2017},
url = {http://papers.nips.cc/paper/7181-attention-is-all-you-need.pdf}
}

@article{warstadt2018neural,
    title={Neural Network Acceptability Judgments},
    author={Warstadt, Alex and Singh, Amanpreet and Bowman, Samuel R},
    journal=arXiv,
    year={2018}
}

@inproceedings{cer-etal-2017-semeval,
    title = "{S}em{E}val-2017 Task 1: Semantic Textual Similarity Multilingual and Crosslingual Focused Evaluation",
    author = "Cer, Daniel  and
      Diab, Mona  and
      Agirre, Eneko  and
      Lopez-Gazpio, Inigo  and
      Specia, Lucia",
    booktitle = SemEval,
    month = aug,
    year = "2017",
    address = "Vancouver, Canada",
    url = "https://www.aclweb.org/anthology/S17-2001",
    doi = "10.18653/v1/S17-2001",
    pages = "1--14",
}

@inproceedings{williams-etal-2018-broad,
    title = "A Broad-Coverage Challenge Corpus for Sentence Understanding through Inference",
    author = "Williams, Adina  and
      Nangia, Nikita  and
      Bowman, Samuel",
    booktitle = NAACL,
    month = jun,
    year = "2018",
    address = "New Orleans, Louisiana",
    url = "https://www.aclweb.org/anthology/N18-1101",
    doi = "10.18653/v1/N18-1101",
    pages = "1112--1122",
}

@inproceedings{rajpurkar-etal-2016-squad,
    title = "{SQ}u{AD}: 100,000+ Questions for Machine Comprehension of Text",
    author = "Rajpurkar, Pranav  and
      Zhang, Jian  and
      Lopyrev, Konstantin  and
      Liang, Percy",
    booktitle = EMNLP,
    month = nov,
    year = "2016",
    address = "Austin, Texas",
    url = "https://www.aclweb.org/anthology/D16-1264",
    doi = "10.18653/v1/D16-1264",
    pages = "2383--2392",
}

@techreport{opeai-gpt,
  author       = {Alec Radford and Karthik Narasimhan and Tim Salimans and Ilya Sutskever}, 
  title        = {Improving Language Understanding by Generative Pre-Training},
  institution  = {OpenAI},
  year         = 2018,
  url = {https://s3-us-west-2.amazonaws.com/openai-assets/research-covers/language-unsupervised/language_understanding_paper.pdf}
}

@techreport{opeai-gpt2,
  author       = {Alec Radford and Jeffrey Wu and Rewon Child and David Luan and Dario Amodei and Ilya Sutskever}, 
  title        = {Language Models are Unsupervised Multitask Learners},
  institution  = {OpenAI},
  year         = 2019,
  url = {https://d4mucfpksywv.cloudfront.net/better-language-models/language_models_are_unsupervised_multitask_learners.pdf}
}

@article{wordpiece,
  author    = {Yonghui Wu and
               Mike Schuster and
               Zhifeng Chen and
               Quoc V. Le and
               Mohammad Norouzi and
               Wolfgang Macherey and
               Maxim Krikun and
               Yuan Cao and
               Qin Gao and
               Klaus Macherey and
               Jeff Klingner and
               Apurva Shah and
               Melvin Johnson and
               Xiaobing Liu and
               Lukasz Kaiser and
               Stephan Gouws and
               Yoshikiyo Kato and
               Taku Kudo and
               Hideto Kazawa and
               Keith Stevens and
               George Kurian and
               Nishant Patil and
               Wei Wang and
               Cliff Young and
               Jason Smith and
               Jason Riesa and
               Alex Rudnick and
               Oriol Vinyals and
               Greg Corrado and
               Macduff Hughes and
               Jeffrey Dean},
  title     = {{Google}'s Neural Machine Translation System: Bridging the Gap between
               Human and Machine Translation},
  journal = arXiv,
  volume    = {1810.04805},
  year      = {2016},
  url       = {http://arxiv.org/abs/1609.08144},
}

@article{bigbird,
  author       = {Xiaodong Liu and Pengcheng He and Weizhu Chen and Jianfeng Gao}, 
  title        = {Multi-Task Deep Neural Networks for Natural Language Understanding},
  journal = arXiv,
  volume    = {1901.11504},
  year         = 2019,
  url = {https://arxiv.org/abs/1901.11504}
}

@article{phang-arxiv-2018,
  author       = {Jason Phang and Thibault F\'evry and Samuel R. Bowman}, 
  title        = {Sentence Encoders on {STILTs}: Supplementary Training on Intermediate Labeled-data Tasks},
  journal = arXiv,
  volume    = {1811.01088},
  year         = 2019,
  url = {https://arxiv.org/abs/1811.01088}
}

@InProceedings{senteval,
  author = 	"Conneau, Alexis
		and Kiela, Douwe",
  title = 	"SentEval: An Evaluation Toolkit for Universal Sentence Representations",
  booktitle = 	LREC,
  year = 	"2018",
  location = 	"Miyazaki, Japan",
  url = 	"http://aclweb.org/anthology/L18-1269"
}

@InProceedings{D17-1126,
  author = 	"Lan, Wuwei
		and Qiu, Siyu
		and He, Hua
		and Xu, Wei",
  title = 	"A Continuously Growing Dataset of Sentential Paraphrases",
  booktitle = 	EMNLP,
  year = 	"2017",
  pages = 	"1224--1234",
  address = 	"Copenhagen, Denmark",
  doi = 	"10.18653/v1/D17-1126",
  url = 	"http://aclweb.org/anthology/D17-1126"
}

@InProceedings{Zhu_2015_ICCV,
    title = {Aligning Books and Movies: Towards Story-Like Visual Explanations by Watching Movies and Reading Books},
    author = {Zhu, Yukun and Kiros, Ryan and Zemel, Rich and Salakhutdinov, Ruslan and Urtasun, Raquel and Torralba, Antonio and Fidler, Sanja},
    booktitle = ICCV,
    month = {December},
    year = {2015},
    pages={19--27},
    url={https://www.cv-foundation.org/openaccess/content_iccv_2015/papers/Zhu_Aligning_Books_and_ICCV_2015_paper.pdf}
}

@InProceedings{P13-1151,
  author = 	"Kauchak, David",
  title = 	"Improving Text Simplification Language Modeling Using Unsimplified Text Data",
  booktitle = 	ACL,
  year = 	"2013",
  pages = 	"1537--1546",
  address = 	"Sofia, Bulgaria",
  url = 	"http://aclweb.org/anthology/P13-1151"
}

@InProceedings{D18-1045,
  author = 	"Edunov, Sergey
		and Ott, Myle
		and Auli, Michael
		and Grangier, David",
  title = 	"Understanding Back-Translation at Scale",
  booktitle = 	EMNLP,
  year = 	"2018",
  pages = 	"489--500",
  address = 	"Brussels, Belgium",
  url = 	"http://aclweb.org/anthology/D18-1045"
}

@InProceedings{P18-1080,
  author = 	"Prabhumoye, Shrimai
		and Tsvetkov, Yulia
		and Salakhutdinov, Ruslan
		and Black, Alan W",
  title = 	"Style Transfer Through Back-Translation",
  booktitle = 	ACL,
  year = 	"2018",
  pages = 	"866--876",
  address = 	"Melbourne, Australia",
  url = 	"http://aclweb.org/anthology/P18-1080"
}


@inproceedings{logeswaran2018an,
  title={An Efficient Framework for Learning Sentence Representations},
  author={Lajanugen Logeswaran and Honglak Lee},
  booktitle=ICLR,
  year={2018},
  url={https://openreview.net/forum?id=rJvJXZb0W},
}

@InProceedings{swabha:emnlp2018,
  author = 	"Swayamdipta, Swabha
		and Thomson, Sam
		and Lee, Kenton
		and Zettlemoyer, Luke
		and Dyer, Chris
		and Smith, Noah A.",
  title = 	"Syntactic Scaffolds for Semantic Structures",
  booktitle = 	"Proceedings of the 2018 Conference on Empirical Methods in Natural Language Processing",
  year = 	"2018",
  pages = 	"3772--3782",
  url = 	"http://aclweb.org/anthology/D18-1412"
}

@InProceedings{D15-1075,
  author = 	"Bowman, Samuel R.
		and Angeli, Gabor
		and Potts, Christopher
		and Manning, Christopher D.",
  title = 	"A large annotated corpus for learning natural language inference",
  booktitle = 	EMNLP,
  year = 	"2015",
  pages = 	"632--642",
  location = 	"Lisbon, Portugal",
  doi = 	"10.18653/v1/D15-1075",
  url = 	"http://aclweb.org/anthology/D15-1075"
}

@inproceedings{barzilay-mckeown:2001:ACL,
 address              = {Toulouse, France},
 author               = {Barzilay, Regina and McKeown, Kathleen R.},
 booktitle            = ACL,
 doi                  = {10.3115/1073012.1073020},
 month                = {July},
 pages                = {50--57},
 title                = {Extracting Paraphrases from a Parallel Corpus},
 url                  = {http://www.aclweb.org/anthology/P01-1008},
 year                 = {2001},
 }

@inproceedings{bergkirkpatrick-EtAl:2010:NAACLHLT,
 address              = {Los Angeles, California},
 author               = {Berg-Kirkpatrick, Taylor and Bouchard-C\^{o}t\'{e}, Alexandre and DeNero, John and Klein, Dan},
 booktitle            = NAACL-HLT,
 month                = {June},
 pages                = {582--590},
 title                = {Painless Unsupervised Learning with Features},
 url                  = {http://www.aclweb.org/anthology/N10-1083},
 year                 = {2010},
 }

@inproceedings{biran-blevins-mckeown:2016:P16-1,
 address              = {Berlin, Germany},
 author               = {Biran, Or and Blevins, Terra and McKeown, Kathleen},
 booktitle            = ACL,
 month                = {August},
 pages                = {1913--1923},
 title                = {Mining Paraphrasal Typed Templates from a Plain Text Corpus},
 url                  = {http://www.aclweb.org/anthology/P16-1180},
 year                 = {2016},
 }

@article{brown-EtAl:1993:CL,
 author               = {Brown, Peter F. and Della Pietra, Stephen and Della Pietra, Vincent J. and Mercer, Robert L.},
 journal              = CL,
 number               = {2},
 pages                = {263--311},
 title                = {The Mathematics of Statistical Machine Translation: Parameter Estimation},
 url                  = {http://www.aclweb.org/anthology/J93-2003},
 volume               = {19},
 year                 = {1993},
 }

@inproceedings{buchholz-marsi:2006:CoNLL-X,
 address              = {New York City},
 author               = {Buchholz, Sabine and Marsi, Erwin},
 booktitle            = CONLL,
 month                = {June},
 pages                = {149--164},
 title                = {{CoNLL-X} Shared Task on Multilingual Dependency Parsing},
 url                  = {http://www.aclweb.org/anthology/W/W06/W06-2920},
 year                 = {2006},
 }

@inproceedings{burkett:08,
 address              = {Honolulu, Hawaii},
 author               = {Burkett, David and Klein, Dan},
 booktitle            = EMNLP,
 month                = {October},
 pages                = {877--886},
 title                = {Two Languages are Better than One (for Syntactic Parsing)},
 url                  = {http://www.aclweb.org/anthology/D08-1092},
 year                 = {2008},
 }

@inproceedings{burkett:10,
 address              = {Los Angeles, California},
 author               = {Burkett, David and Blitzer, John and Klein, Dan},
 booktitle            = NAACL-HLT,
 month                = {June},
 pages                = {127--135},
 title                = {Joint Parsing and Alignment with Weakly Synchronized Grammars},
 url                  = {http://www.aclweb.org/anthology/N10-1015},
 year                 = {2010},
 }

@inproceedings{choe-mcclosky:2015:ACL-IJCNLP,
 address              = {Beijing, China},
 author               = {Choe, Do Kook and McClosky, David},
 booktitle            = ACL-IJCNLP,
 month                = {July},
 pages                = {1223--1233},
 title                = {Parsing Paraphrases with Joint Inference},
 url                  = {http://www.aclweb.org/anthology/P15-1118},
 year                 = {2015},
 }

@book{cocke:69,
 author               = {Cocke, John},
 isbn                 = {B0007F4UOA},
 publisher            = {Courant Institute of Mathematical Sciences, New York University},
 title                = {Programming Languages and Their Compilers: Preliminary Notes},
 year                 = {1969},
 }

@article{Cohn:ea:08,
 author               = {Cohn, Trevor and Callison-Burch, Chris and Lapata, Mirella},
 journal              = CL,
 number               = {4},
 pages                = {597--614},
 title                = {Constructing Corpora for the Development and Evaluation of Paraphrase Systems},
 url                  = {http://aclweb.org/anthology/J/J08/J08-4005.pdf},
 volume               = {34},
 year                 = {2008},
 }

@inproceedings{das-smith:2009:ACLIJCNLP,
 address              = {Suntec, Singapore},
 author               = {Das, Dipanjan and Smith, Noah A.},
 booktitle            = ACL-IJCNLP,
 month                = {August},
 pages                = {468--476},
 title                = {Paraphrase Identification as Probabilistic Quasi-Synchronous Recognition},
 url                  = {http://www.aclweb.org/anthology/P/P09/P09-1053},
 year                 = {2009},
 }

@inproceedings{dolan-quirk-brockett:2004:COLING,
 address              = {Geneva, Switzerland},
 author               = {Dolan, Bill and Quirk, Chris and Brockett, Chris},
 booktitle            = COLING,
 month                = {August},
 pages                = {350--356},
 title                = {Unsupervised Construction of Large Paraphrase Corpora: Exploiting Massively Parallel News Sources},
 url                  = {http://aclweb.org/anthology/C/C04/C04-1051.pdf},
 year                 = {2004},
 }

@inproceedings{duan-hill-white:2016:LAW,
 address              = {Berlin, Germany},
 author               = {Duan, Manjuan and Hill, Ethan and White, Michael},
 booktitle            = {Proceedings of the Linguistic Annotation Workshop (LAW)},
 month                = {August},
 pages                = {160--170},
 title                = {Generating Disambiguating Paraphrases for Structurally Ambiguous Sentences},
 url                  = {http://anthology.aclweb.org/W16-1718},
 year                 = {2016},
 }

@book{efron:1994,
 author               = {Efron, Bradley and Tibshirani, R.J.},
 isbn                 = {9780412042317},
 month                = {5},
 publisher            = {Chapman and Hall/CRC},
 title                = {An Introduction to the Bootstrap},
 year                 = {1994},
 }

@inproceedings{Finch05IWP2005,
 author               = {Finch, Andrew and Hwang, Young-Sook and Sumita, Eiichiro},
 booktitle            = IWP,
 pages                = {17--24},
 title                = {Using Machine Translation Evaluation Techniques to Determine Sentence-Level Semantic Equivalence},
 url                  = {http://www.aclweb.org/anthology/I05-5003},
 year                 = {2005},
 }

@inproceedings{ganitkevitch-EtAl:2013:NAACL,
 address              = {Atlanta, Georgia},
 author               = {Ganitkevitch, Juri and Van Durme, Benjamin and Callison-Burch, Chris},
 booktitle            = NAACL-HLT,
 month                = {June},
 pages                = {758--764},
 title                = {{PPDB}: The Paraphrase Database},
 url                  = {http://www.aclweb.org/anthology/N13-1092},
 year                 = {2013},
 }

@inproceedings{heilman-smith:2010:NAACLHLT2,
 address              = {Los Angeles, California},
 author               = {Heilman, Michael and Smith, Noah A.},
 booktitle            = NAACL-HLT,
 month                = {June},
 pages                = {1011--1019},
 title                = {Tree Edit Models for Recognizing Textual Entailments, Paraphrases, and Answers to Questions},
 url                  = {http://www.aclweb.org/anthology/N10-1145},
 year                 = {2010},
 }

@book{hpsg-book,
 author               = {Carl Pollard and Ivan A. Sag},
 isbn                 = {978-0226674476},
 publisher            = {CSLI Publications},
 title                = {Head-Driven Phrase Structure Grammar},
 year                 = {1994},
 }

@inproceedings{kaeshammer:2013:SSST,
 address              = {Atlanta, Georgia},
 author               = {Kaeshammer, Miriam},
 booktitle            = SSST,
 month                = {June},
 pages                = {68--77},
 title                = {Synchronous Linear Context-Free Rewriting Systems for Machine Translation},
 url                  = {http://www.aclweb.org/anthology/W13-0808},
 year                 = {2013},
 }

@techreport{kasami:65,
 author               = {Tadao Kasami},
 institution          = {Air Force Cambridge Research Lab},
 title                = {An efficient recognition and syntax-analysis algorithm for context-free languages},
 type                 = {Scientific report {AFCRL-65-758}},
 year                 = {1965},
 }

@inproceedings{kirkpatrick:10,
 address              = {Los Angeles, California},
 author               = {Berg-Kirkpatrick, Taylor and Bouchard-C\^{o}t\'{e}, Alexandre and DeNero, John and Klein, Dan},
 booktitle            = NAACL-HLT,
 month                = {June},
 pages                = {582--590},
 title                = {Painless Unsupervised Learning with Features},
 url                  = {http://www.aclweb.org/anthology/N10-1083},
 year                 = {2010},
 }

@inproceedings{Koehn:2004,
 address              = {Barcelona, Spain},
 author               = {Koehn, Philipp},
 booktitle            = EMNLP,
 month                = {July},
 pages                = {388--395},
 title                = {Statistical Significance Tests for Machine Translation Evaluation},
 url                  = {http://www.aclweb.org/anthology/W/W04/W04-3250.pdf},
 year                 = {2004},
 }

@inproceedings{lan-EtAl:2017:EMNLP20171,
 address              = {Copenhagen, Denmark},
 author               = {Lan, Wuwei and Qiu, Siyu and He, Hua and Xu, Wei},
 booktitle            = EMNLP,
 month                = {September},
 pages                = {1235--1245},
 title                = {A Continuously Growing Dataset of Sentential Paraphrases},
 url                  = {https://www.aclweb.org/anthology/D17-1127},
 year                 = {2017},
 }

@inproceedings{liang-klein:2009:NAACLHLT09,
 address              = {Boulder, Colorado},
 author               = {Liang, Percy and Klein, Dan},
 booktitle            = NAACL-HLT,
 month                = {June},
 pages                = {611--619},
 title                = {Online {EM} for Unsupervised Models},
 url                  = {http://www.aclweb.org/anthology/N/N09/N09-1069},
 year                 = {2009},
 }

@inproceedings{maccartney:08,
 address              = {Honolulu, Hawaii},
 author               = {MacCartney, Bill and Galley, Michel and Manning, Christopher D.},
 booktitle            = EMNLP,
 month                = {October},
 pages                = {802--811},
 title                = {A Phrase-Based Alignment Model for Natural Language Inference},
 url                  = {http://www.aclweb.org/anthology/D08-1084},
 year                 = {2008},
 }

@inproceedings{maillette-simaan:2013:SSST2,
 address              = {Atlanta, Georgia},
 author               = {Maillette de Buy Wenniger, Gideon and Sima'an, Khalil},
 booktitle            = SSST,
 month                = {June},
 pages                = {58--67},
 title                = {A Formal Characterization of Parsing Word Alignments by Synchronous Grammars with Empirical Evidence to the {ITG} Hypothesis},
 url                  = {http://www.aclweb.org/anthology/W13-0807},
 year                 = {2013},
 }

@inproceedings{mallinson-sennrich-lapata:2017:EACLlong,
 address              = {Valencia, Spain},
 author               = {Mallinson, Jonathan and Sennrich, Rico and Lapata, Mirella},
 booktitle            = EACL,
 month                = {April},
 pages                = {881--893},
 title                = {Paraphrasing Revisited with Neural Machine Translation},
 url                  = {http://www.aclweb.org/anthology/E17-1083},
 year                 = {2017},
 }

@article{miyao:08,
 author               = {Miyao, Yusuke and Tsujii, Jun'ichi},
 journal              = CL,
 number               = {1},
 pages                = {35--80},
 title                = {Feature Forest Models for Probabilistic {HPSG} Parsing},
 url                  = {http://aclweb.org/anthology/J/J08/J08-1002.pdf},
 volume               = {34},
 year                 = {2008},
 }

@inproceedings{ninomiya-EtAl:2005:IWPT,
 address              = {Vancouver, British Columbia},
 author               = {Ninomiya, Takashi and Tsuruoka, Yoshimasa and Miyao, Yusuke and Tsujii, Jun'ichi},
 booktitle            = IWPT,
 month                = {October},
 pages                = {103--114},
 title                = {Efficacy of Beam Thresholding, Unification Filtering and Hybrid Parsing in Probabilistic {HPSG} Parsing},
 url                  = {http://www.aclweb.org/anthology/W/W05/W05-1511},
 year                 = {2005},
 }

@book{noreen:1989,
 author               = {Eric W. Noreen},
 isbn                 = {978-0-471-61136-3},
 month                = {4},
 publisher            = {Wiley},
 title                = {Computer-Intensive Methods for Testing Hypotheses: An Introduction},
 year                 = {1989},
 }

@inproceedings{Pang:2003,
 address              = {Edmonton, Canada},
 author               = {Pang, Bo and Knight, Kevin and Marcu, Daniel},
 booktitle            = NAACL-HLT,
 pages                = {102--109},
 title                = {Syntax-based Alignment of Multiple Translations: Extracting Paraphrases and Generating New Sentences},
 url                  = {http://aclweb.org/anthology/N/N03/N03-1024.pdf},
 year                 = {2003},
 }

@inproceedings{pennington-socher-manning:2014:EMNLP2014,
 address              = {Doha, Qatar},
 author               = {Pennington, Jeffrey and Socher, Richard and Manning, Christopher D.},
 booktitle            = EMNLP,
 month                = {October},
 pages                = {1532--1543},
 title                = {{GloVe}: Global Vectors for Word Representation},
 url                  = {http://www.aclweb.org/anthology/D14-1162},
 year                 = {2014},
 }

@inproceedings{rastogi-vandurme-arora:2015:NAACL-HLT,
 address              = {Denver, Colorado},
 author               = {Rastogi, Pushpendre and Van Durme, Benjamin and Arora, Raman},
 booktitle            = NAACL-HLT,
 month                = {May--June},
 pages                = {556--566},
 title                = {Multiview {LSA}: Representation Learning via Generalized {CCA}},
 url                  = {http://www.aclweb.org/anthology/N15-1058},
 year                 = {2015},
 }

@inproceedings{riezler-maxwell:2005:MTSumm,
 address              = {Ann Arbor, Michigan},
 author               = {Riezler, Stefan and Maxwell, John T.},
 booktitle            = {Proceedings of the ACL Workshop on Intrinsic and Extrinsic Evaluation Measures for Machine Translation and/or Summarization},
 month                = {June},
 pages                = {57--64},
 title                = {On Some Pitfalls in Automatic Evaluation and Significance Testing for {MT}},
 url                  = {http://www.aclweb.org/anthology/W/W05/W05-0908},
 year                 = {2005},
 }

@inproceedings{sagae:2008,
 author               = {Sagae, Kenji and Miyao, Yusuke and Matsuzaki, Takuya and Tsujii, Jun'ichi},
 booktitle            = {Proceedings of the Workshop on Automated Syntatic Annotations for Interoperable Language Resources},
 title                = {Challenges in Mapping of Syntactic Representations for Framework-Independent Parser Evaluation},
 year                 = {2008},
 }

@inproceedings{sick,
 address              = {Reykjavik, Iceland},
 author               = {M. Marelli and S. Menini and M. Baroni and L. Bentivogli and R. Bernardi and R. Zamparelli},
 booktitle            = LREC,
 pages                = {216--223},
 title                = {A {SICK} Cure for the Evaluation of Compositional Distributional Semantic Models},
 year                 = {2014},
 }

@inproceedings{smith-eisner:2006:WMT,
 address              = {New York City},
 author               = {Smith, David and Eisner, Jason},
 booktitle            = WMT,
 month                = {June},
 pages                = {23--30},
 title                = {Quasi-Synchronous Grammars: Alignment by Soft Projection of Syntactic Dependencies},
 url                  = {http://www.aclweb.org/anthology/W/W06/W06-3104},
 year                 = {2006},
 }

@inproceedings{smith:04,
 address              = {Barcelona, Spain},
 author               = {Smith, David A. and Smith, Noah A.},
 booktitle            = EMNLP,
 month                = {July},
 pages                = {49--56},
 title                = {Bilingual Parsing with Factored Estimation: Using {English} to Parse {Korean}},
 url                  = {http://www.aclweb.org/anthology/W/W04/W04-3207.pdf},
 year                 = {2004},
 }

@inproceedings{socher-EtAl:2013:EMNLP,
 address              = {Seattle, Washington, USA},
 author               = {Socher, Richard and Perelygin, Alex and Wu, Jean and Chuang, Jason and Manning, Christopher D. and Ng, Andrew and Potts, Christopher},
 booktitle            = EMNLP,
 month                = {October},
 pages                = {1631--1642},
 title                = {Recursive Deep Models for Semantic Compositionality Over a Sentiment Treebank},
 url                  = {http://www.aclweb.org/anthology/D13-1170},
 year                 = {2013},
 }

@article{socher2014tacl,
 author               = {Socher, Richard and Karpathy, Andrej and Le, Quoc V and Manning, Christopher D and Ng, Andrew Y},
 journal              = TACL,
 number               = {1},
 pages                = {207--218},
 title                = {Grounded compositional semantics for finding and describing images with sentences},
 url                  = {http://aclweb.org/anthology/Q/Q14/Q14-1017.pdf},
 volume               = {2},
 year                 = {2014},
 }

@article{SrikumarRo13,
 author               = {Srikumar, Vivek and Roth, Dan},
 journal              = TACL,
 pages                = {231-242},
 title                = {Modeling Semantic Relations Expressed by Prepositions},
 url                  = {http://aclweb.org/anthology/Q/Q13/Q13-1019.pdf},
 volume               = {1},
 year                 = {2013},
 }

@article{TACL571,
 author               = {Wieting, John and Bansal, Mohit and Gimpel, Kevin and Livescu, Karen},
 issn                 = {2307-387X},
 journal              = TACL,
 number               = {1},
 pages                = {345--358},
 title                = {From Paraphrase Database to Compositional Paraphrase Model and Back},
 url                  = {http://aclweb.org/anthology/Q/Q15/Q15-1025.pdf},
 volume               = {3},
 year                 = {2015},
 }

@inproceedings{tai-socher-manning:2015:ACL-IJCNLP,
 address              = {Beijing, China},
 author               = {Tai, Kai Sheng and Socher, Richard and Manning, Christopher D.},
 booktitle            = {ACL-IJCLNLP},
 month                = {July},
 pages                = {1556--1566},
 title                = {Improved Semantic Representations From Tree-Structured Long Short-Term Memory Networks},
 url                  = {http://www.aclweb.org/anthology/P15-1150},
 year                 = {2015},
 }

@inproceedings{thadani:11,
 address              = {Portland, Oregon, USA},
 author               = {Thadani, Kapil and McKeown, Kathleen},
 booktitle            = ACL-HLT,
 month                = {June},
 pages                = {254--259},
 title                = {Optimal and Syntactically-Informed Decoding for Monolingual Phrase-Based Alignment},
 url                  = {http://www.aclweb.org/anthology/P11-2044},
 year                 = {2011},
 }

@inproceedings{thadani:12,
 address              = {Mumbai, India},
 author               = {Thadani, Kapil and Martin, Scott and White, Michael},
 booktitle            = COLING,
 month                = {December},
 pages                = {1229--1238},
 title                = {A Joint Phrasal and Dependency Model for Paraphrase Alignment},
 url                  = {http://www.aclweb.org/anthology/C12-2120},
 year                 = {2012},
 }

@inproceedings{turian-ratinov-bengio:2010:ACL,
 address              = {Uppsala, Sweden},
 author               = {Turian, Joseph and Ratinov, Lev-Arie and Bengio, Yoshua},
 booktitle            = ACL,
 month                = {July},
 pages                = {384--394},
 title                = {Word Representations: A Simple and General Method for Semi-Supervised Learning},
 url                  = {http://www.aclweb.org/anthology/P10-1040},
 year                 = {2010},
 }

@inproceedings{Wan:2006:ALTA2006,
 address              = {Sydney, Australia},
 author               = {Wan, Stephen and Dras, Mark and Dale, Robert and Paris, Cecile},
 booktitle            = ALTW,
 month                = {November},
 pages                = {131-138},
 title                = {Using Dependency-Based Features to Take the 'Para-farce' out of Paraphrase},
 url                  = {http://www.aclweb.org/anthology/U06-1019},
 year                 = {2006},
 }

@inproceedings{Weese-EtAl:2014:EACL,
 address              = {Gothenburg, Sweden},
 author               = {Weese, Jonathan and Ganitkevitch, Juri and Callison-Burch, Chris},
 booktitle            = EACL,
 month                = {April},
 pages                = {192--201},
 title                = {{PARADIGM}: Paraphrase Diagnostics through Grammar Matching},
 url                  = {http://www.aclweb.org/anthology/E14-1021},
 year                 = {2014},
 }

@inproceedings{wieting-mallinson-gimpel:2017:EMNLP2017,
 address              = {Copenhagen, Denmark},
 author               = {Wieting, John and Mallinson, Jonathan and Gimpel, Kevin},
 booktitle            = EMNLP,
 month                = {September},
 pages                = {274--285},
 title                = {Learning Paraphrastic Sentence Embeddings from Back-Translated Bitext},
 url                  = {https://www.aclweb.org/anthology/D17-1026},
 year                 = {2017},
 }

@inproceedings{Wieting:ICLR:2016,
 author               = {Wieting, John and Bansal, Mohit and Gimpel, Kevin and Livescu, Karen},
 booktitle            = ICLR,
 title                = {Towards Universal Paraphrastic Sentence Embeddings},
 url                  = {https://arxiv.org/abs/1511.08198},
 year                 = {2016},
 }

@article{wu:97,
 author               = {Wu, Dekai},
 journal              = CL,
 number               = {3},
 pages                = {377--403},
 title                = {Stochastic Inversion Transduction Grammars and Bilingual Parsing of Parallel Corpora},
 url                  = {http://aclweb.org/anthology/J/J97/J97-3002.pdf},
 volume               = {23},
 year                 = {1997},
 }

@inproceedings{yao:13,
 address              = {Seattle, Washington, USA},
 author               = {Yao, Xuchen and Van Durme, Benjamin and Callison-Burch, Chris and Clark, Peter},
 booktitle            = EMNLP,
 month                = {October},
 pages                = {590--600},
 title                = {Semi-{Markov} Phrase-Based Monolingual Alignment},
 url                  = {http://www.aclweb.org/anthology/D13-1056},
 year                 = {2013},
 }

@inproceedings{yao:13a,
 address              = {Sofia, Bulgaria},
 author               = {Yao, Xuchen and Van Durme, Benjamin and Callison-Burch, Chris and Clark, Peter},
 booktitle            = ACL,
 month                = {August},
 pages                = {702--707},
 title                = {A Lightweight and High Performance Monolingual Word Aligner},
 url                  = {http://www.aclweb.org/anthology/P13-2123},
 year                 = {2013},
 }

@inproceedings{yin-schutze:2015:NAACL-HLT2,
 address              = {Denver, Colorado},
 author               = {Yin, Wenpeng and Sch\"{u}tze, Hinrich},
 booktitle            = NAACL-HLT,
 month                = {May--June},
 pages                = {1368--1373},
 title                = {Discriminative Phrase Embedding for Paraphrase Identification},
 url                  = {http://www.aclweb.org/anthology/N15-1154},
 year                 = {2015},
 }

@article{younger:67,
 author               = {Daniel H. Younger},
 journal              = {Information and Control},
 number               = {2},
 pages                = {189--208},
 title                = {Recognition and parsing of context-free languages in time $n^3$},
 volume               = {10},
 year                 = {1967},
 }

@InProceedings{jiang-kummerfeld-lasecki:2017:Short,
  author    = {Jiang, Youxuan  and  Kummerfeld, Jonathan K.  and  Lasecki, Walter S.},
  title     = {Understanding Task Design Trade-offs in Crowdsourced Paraphrase Collection},
  booktitle = ACL,
  month     = {July},
  year      = {2017},
  address   = {Vancouver, Canada},
  pages     = {103--109},
  url       = {http://aclweb.org/anthology/P17-2017}
}

@InProceedings{berant-liang:2014:P14-1,
  author    = {Berant, Jonathan  and  Liang, Percy},
  title     = {Semantic Parsing via Paraphrasing},
  booktitle = ACL,
  month     = {June},
  year      = {2014},
  address   = {Baltimore, Maryland},
  pages     = {1415--1425},
  url       = {http://www.aclweb.org/anthology/P14-1133}
}

@InProceedings{dong-EtAl:2017:EMNLP2017,
  author    = {Dong, Li  and  Mallinson, Jonathan  and  Reddy, Siva  and  Lapata, Mirella},
  title     = {Learning to Paraphrase for Question Answering},
  booktitle = EMNLP,
  month     = {September},
  year      = {2017},
  address   = {Copenhagen, Denmark},
  pages     = {886--897},
  url       = {https://www.aclweb.org/anthology/D17-1092}
}

%%%%%
@InProceedings{D18-1176,
  author    =  "Kiela, Douwe
  and Wang, Changhan
  and Cho, Kyunghyun",
  title     =  "Dynamic Meta-Embeddings for Improved Sentence Representations",
  booktitle =  EMNLP,
  year      =  "2018",
  pages     =  "1466--1477",
  location  =  "Brussels, Belgium",
  url       =  "http://aclweb.org/anthology/D18-1176"
}

@InProceedings{NIPS2017_7209,
  title     = {Learned in Translation: Contextualized Word Vectors},
  author    = {McCann, Bryan and Bradbury, James and Xiong, Caiming and Socher, Richard},
  booktitle = NeurIPS,
  pages     = {6294--6305},
  year      = {2017},
  url       = {http://papers.nips.cc/paper/7209-learned-in-translation-contextualized-word-vectors.pdf}
}

@InProceedings{NIPS2015_5950,
  title     = {Skip-Thought Vectors},
  author    = {Kiros, Ryan and Zhu, Yukun and Salakhutdinov, Ruslan R and Zemel, Richard and Urtasun, Raquel and Torralba, Antonio and Fidler, Sanja},
  booktitle = NeurIPS,
  pages     = {3294--3302},
  year      = {2015},
  url       = {http://papers.nips.cc/paper/5950-skip-thought-vectors.pdf}
}

@InProceedings{D18-2029,
  author    =  "Cer, Daniel
  and Yang, Yinfei
  and Kong, Sheng-yi
  and Hua, Nan
  and Limtiaco, Nicole
  and St. John, Rhomni
  and Constant, Noah
  and Guajardo-Cespedes, Mario
  and Yuan, Steve
  and Tar, Chris
  and Strope, Brian
  and Kurzweil, Ray",
  title     =  "Universal Sentence Encoder for English",
  booktitle =  EMNLP,
  year      =  "2018",
  pages     =  "169--174",
  location  =  "Brussels, Belgium",
  url       =  "http://aclweb.org/anthology/D18-2029"
}

@InProceedings{P15-1162,
  author    =  "Iyyer, Mohit
  and Manjunatha, Varun
  and Boyd-Graber, Jordan
  and Daum{\'e} III, Hal",
  title     =  "Deep Unordered Composition Rivals Syntactic Methods for Text Classification",
  booktitle =  ACL,
  year      =  "2015",
  pages     =  "1681--1691",
  address  =  "Beijing, China",
  doi       =  "10.3115/v1/P15-1162",
  url       =  "http://aclweb.org/anthology/P15-1162"
}

@InProceedings{adam,
  author    = {Diederik P. Kingma and
               Jimmy Ba},
  title     = {Adam: {A} Method for Stochastic Optimization},
  year      = {2015},
  url       = {http://arxiv.org/abs/1412.6980},
  booktitle =ICLR,
  year      ={2015},
}

@inproceedings{
  subramanian2018learning,
  title     ={Learning General Purpose Distributed Sentence Representations via Large Scale Multi-task Learning},
  author    ={Sandeep Subramanian and Adam Trischler and Yoshua Bengio and Christopher J Pal},
  booktitle =ICLR,
  year      ={2018},
  url       ={https://openreview.net/forum?id=B18WgG-CZ},
}

@inproceedings{Lin:ICLR:2017,
  author    = {Zhouhan Lin and Minwei Feng and Cicero Nogueira dos Santos and Mo Yu and Bing Xiang and Bowen Zhou and Yoshua Bengio},
  booktitle = ICLR,
  title     = {A Structured Self-Attentive Sentence Embedding},
  url       = {https://openreview.net/pdf?id=BJC_jUqxe},
  year      = {2017},
 }

@InProceedings{D18-1481,
  author    =  "Zhang, Minghua
  and Wu, Yunfang
  and Li, Weikang
  and Li, Wei",
  title     =  "Learning Universal Sentence Representations with Mean-Max Attention Autoencoder",
  booktitle =  EMNLP,
  year      =  "2018",
  pages     =  "4514--4523",
  address  =  "Brussels, Belgium",
  url       =  "http://aclweb.org/anthology/D18-1481"
}

@InProceedings{P18-1041,
  author    =  "Shen, Dinghan
  and Wang, Guoyin
  and Wang, Wenlin
  and Renqiang Min, Martin
  and Su, Qinliang
  and Zhang, Yizhe
  and Li, Chunyuan
  and Henao, Ricardo
  and Carin, Lawrence",
  title     =  "Baseline Needs More Love: On Simple Word-Embedding-Based Models and Associated Pooling Mechanisms",
  booktitle =  ACL,
  year      =  "2018",
  pages     =  "440--450",
  address  =  "Melbourne, Australia",
  url       =  "http://aclweb.org/anthology/P18-1041"
}

@InProceedings{P18-1042,
  author    =  "Wieting, John
  and Gimpel, Kevin",
  title     =  "{ParaNMT-50M}: Pushing the Limits of Paraphrastic Sentence Embeddings with Millions of Machine Translations",
  booktitle =  ACL,
  year      =  "2018",
  pages     =  "451--462",
  address  =  "Melbourne, Australia",
  url       =  "http://aclweb.org/anthology/P18-1042"
}

@InProceedings{D17-1070,
  author    =  "Conneau, Alexis
  and Kiela, Douwe
  and Schwenk, Holger
  and Barrault, Lo{\"i}c
  and Bordes, Antoine",
  title     =  "Supervised Learning of Universal Sentence Representations from Natural Language Inference Data",
  booktitle =  EMNLP,
  year      =  "2017",
  pages     =  "670--680",
  address  =  "Copenhagen, Denmark",
  doi       =  "10.18653/v1/D17-1070",
  url       =  "http://aclweb.org/anthology/D17-1070"
}

@InProceedings{N16-1108,
  author    =  "He, Hua
  and Lin, Jimmy",
  title     =  "Pairwise Word Interaction Modeling with Deep Neural Networks for Semantic Similarity Measurement",
  booktitle =  NAACL,
  year      =  "2016",
  pages     =  "937--948",
  address  =  "San Diego, California",
  doi       =  "10.18653/v1/N16-1108",
  url       =  "http://aclweb.org/anthology/N16-1108"
}

@InProceedings{P17-1152,
  author    =  "Chen, Qian
  and Zhu, Xiaodan
  and Ling, Zhen-Hua
  and Wei, Si
  and Jiang, Hui
  and Inkpen, Diana",
  title     =  "Enhanced LSTM for Natural Language Inference",
  booktitle =  ACL,
  year      =  "2017",
  pages     =  "1657--1668",
  address  =  "Vancouver, Canada",
  doi       =  "10.18653/v1/P17-1152",
  url       =  "http://aclweb.org/anthology/P17-1152"
}

@InProceedings{D18-1408,
  author    =  "Wu, Wei
  and Wang, Houfeng
  and Liu, Tianyu
  and Ma, Shuming",
  title     =  "Phrase-level Self-Attention Networks for Universal Sentence Encoding",
  booktitle =  EMNLP,
  year      =  "2018",
  pages     =  "3729--3738",
  address  =  "Brussels, Belgium",
  url       =  "http://aclweb.org/anthology/D18-1408"
}