@ARTICLE{1423975,  author={Adomavicius, G. and Tuzhilin, A.},  journal={IEEE Transactions on Knowledge and Data Engineering},   title={Toward the next generation of recommender systems: a survey of the state-of-the-art and possible extensions},   year={2005},  volume={17},  number={6},  pages={734-749},  doi={10.1109/TKDE.2005.99}}
%%%%%%%%%%%%%
@inproceedings{convMF,
author = {Kim, Donghyun and Park, Chanyoung and Oh, Jinoh and Lee, Sungyoung and Yu, Hwanjo},
title = {Convolutional Matrix Factorization for Document Context-Aware Recommendation},
year = {2016},
isbn = {9781450340359},
publisher = {Association for Computing Machinery},
address = {New York, NY, USA},
url = {https://doi.org/10.1145/2959100.2959165},
doi = {10.1145/2959100.2959165},
booktitle = {Proceedings of the 10th ACM Conference on Recommender Systems},
pages = {233–240},
numpages = {8},
keywords = {recommender system, neural network' context-aware recommendation, contexual information, collaborative filtering, document modeling, deep learning},
location = {Boston, Massachusetts, USA},
series = {RecSys '16}
}
%%%%%%%%%%%%
@ARTICLE{mf1,  author={Koren, Yehuda and Bell, Robert and Volinsky, Chris},  journal={Computer},   title={Matrix Factorization Techniques for Recommender Systems},   year={2009},  volume={42},  number={8},  pages={30-37},  doi={10.1109/MC.2009.263}}
%%%%%%%%%%%
@inproceedings{mf2,
author = {Hu, Longke and Sun, Aixin and Liu, Yong},
title = {Your Neighbors Affect Your Ratings: On Geographical Neighborhood Influence to Rating Prediction},
year = {2014},
isbn = {9781450322577},
publisher = {Association for Computing Machinery},
address = {New York, NY, USA},
url = {https://doi.org/10.1145/2600428.2609593},
doi = {10.1145/2600428.2609593},
booktitle = {Proceedings of the 37th International ACM SIGIR Conference on Research and amp; Development in Information Retrieval},
pages = {345–354},
numpages = {10},
keywords = {recommendation, rating prediction, yelp, matrix factorization},
location = {Gold Coast, Queensland, Australia},
series = {SIGIR '14}
}
%%%
@inproceedings{context,
author = {Li, Lihong and Chu, Wei and Langford, John and Schapire, Robert E.},
title = {A Contextual-Bandit Approach to Personalized News Article Recommendation},
year = {2010},
isbn = {9781605587998},
publisher = {Association for Computing Machinery},
address = {New York, NY, USA},
url = {https://doi.org/10.1145/1772690.1772758},
doi = {10.1145/1772690.1772758},
booktitle = {Proceedings of the 19th International Conference on World Wide Web},
pages = {661–670},
numpages = {10},
keywords = {personalization, web service, exploration/exploitation dilemma, contextual bandit, recommender systems},
location = {Raleigh, North Carolina, USA},
series = {WWW '10}
}
%%
@inproceedings{conversation,
author = {Zhang, Xiaoying and Xie, Hong and Li, Hang and C.S. Lui, John},
title = {Conversational Contextual Bandit: Algorithm and Application},
year = {2020},
isbn = {9781450370233},
publisher = {Association for Computing Machinery},
address = {New York, NY, USA},
url = {https://doi.org/10.1145/3366423.3380148},
doi = {10.1145/3366423.3380148},
booktitle = {Proceedings of The Web Conference 2020},
pages = {662–672},
numpages = {11},
location = {Taipei, Taiwan},
series = {WWW '20}
}
@inproceedings{98cf,
author = {Breese, John S. and Heckerman, David and Kadie, Carl},
title = {Empirical Analysis of Predictive Algorithms for Collaborative Filtering},
year = {1998},
isbn = {155860555X},
publisher = {Morgan Kaufmann Publishers Inc.},
address = {San Francisco, CA, USA},
booktitle = {Proceedings of the Fourteenth Conference on Uncertainty in Artificial Intelligence},
pages = {43–52},
numpages = {10},
location = {Madison, Wisconsin},
series = {UAI'98}
}
@inproceedings{itemcf,
author = {Sarwar, Badrul and Karypis, George and Konstan, Joseph and Riedl, John},
title = {Item-Based Collaborative Filtering Recommendation Algorithms},
year = {2001},
isbn = {1581133480},
publisher = {Association for Computing Machinery},
address = {New York, NY, USA},
url = {https://doi.org/10.1145/371920.372071},
doi = {10.1145/371920.372071},
booktitle = {Proceedings of the 10th International Conference on World Wide Web},
pages = {285–295},
numpages = {11},
location = {Hong Kong, Hong Kong},
series = {WWW '01}
}
@inproceedings{cf1999,
author = {Schafer, J. Ben and Konstan, Joseph and Riedl, John},
title = {Recommender Systems in E-Commerce},
year = {1999},
isbn = {1581131763},
publisher = {Association for Computing Machinery},
address = {New York, NY, USA},
url = {https://doi.org/10.1145/336992.337035},
doi = {10.1145/336992.337035},
booktitle = {Proceedings of the 1st ACM Conference on Electronic Commerce},
pages = {158–166},
numpages = {9},
keywords = {electronic commerce, up-sell, customer loyalty, mass customization, recommender systems, cross-sell, interface},
location = {Denver, Colorado, USA},
series = {EC '99}
}
@inproceedings{cold,
author = {Park, Seung-Taek and Pennock, David and Madani, Omid and Good, Nathan and DeCoste, Dennis},
title = {Naive Filterbots for Robust Cold-Start Recommendations},
year = {2006},
isbn = {1595933395},
publisher = {Association for Computing Machinery},
address = {New York, NY, USA},
url = {https://doi.org/10.1145/1150402.1150490},
doi = {10.1145/1150402.1150490},
booktitle = {Proceedings of the 12th ACM SIGKDD International Conference on Knowledge Discovery and Data Mining},
pages = {699–705},
numpages = {7},
keywords = {naive filterbots, collaborative filtering, recommender systems, performance analysis, hybrid content and collaborative filtering, robustness, cold start},
location = {Philadelphia, PA, USA},
series = {KDD '06}
}
@inproceedings{difficcf,
author = {Chu, Wei and Park, Seung-Taek},
title = {Personalized Recommendation on Dynamic Content Using Predictive Bilinear Models},
year = {2009},
isbn = {9781605584874},
publisher = {Association for Computing Machinery},
address = {New York, NY, USA},
url = {https://doi.org/10.1145/1526709.1526802},
doi = {10.1145/1526709.1526802},
booktitle = {Proceedings of the 18th International Conference on World Wide Web},
pages = {691–700},
numpages = {10},
keywords = {ranking, user and content profile, bilinear models, regression, personalization, dynamic features, recommender systems},
location = {Madrid, Spain},
series = {WWW '09}
}
@book{98sutton,
author = {Sutton, Richard S. and Barto, Andrew G.},
title = {Introduction to Reinforcement Learning},
year = {1998},
isbn = {0262193981},
publisher = {MIT Press},
address = {Cambridge, MA, USA},
edition = {1st},
}
@InProceedings{langford2007the,
author = {Langford, John and Zhang, Tong},
title = {The epoch-greedy algorithm for contextual multi-armed bandits},
booktitle = {NIPS 2007},
year = {2007},
month = {December},
}
@InProceedings{tps, title = {Thompson Sampling for Contextual Bandits with Linear Payoffs}, author = {Shipra Agrawal and Navin Goyal}, booktitle = {Proceedings of the 30th International Conference on Machine Learning}, pages = {127--135}, year = {2013}, editor = {Sanjoy Dasgupta and David McAllester},  number = {3}, series = {Proceedings of Machine Learning Research}, address = {Atlanta, Georgia, USA}, month = {6}, publisher = {PMLR}}
@misc{allesiardo2014neural,
      title={A Neural Networks Committee for the Contextual Bandit Problem}, 
      author={Robin Allesiardo and Raphael Feraud and Djallel Bouneffouf},
      year={2014},
      eprint={1409.8191},
      archivePrefix={arXiv},
      primaryClass={cs.NE}
}
@inproceedings{itembased,
author = {Sarwar, Badrul and Karypis, George and Konstan, Joseph and Riedl, John},
title = {Item-Based Collaborative Filtering Recommendation Algorithms},
year = {2001},
isbn = {1581133480},
publisher = {Association for Computing Machinery},
address = {New York, NY, USA},
url = {https://doi.org/10.1145/371920.372071},
doi = {10.1145/371920.372071},
booktitle = {Proceedings of the 10th International Conference on World Wide Web},
pages = {285–295},
numpages = {11},
location = {Hong Kong, Hong Kong},
series = {WWW '01}
}
@inproceedings{Probabilistic,
  added-at = {2011-12-22T14:03:49.000+0100},
  author = {Salakhutdinov, Ruslan and Mnih, Andriy},
  biburl = {https://www.bibsonomy.org/bibtex/29f399860eb5fc39a4f45f58bfb37b3ce/dx},
  booktitle = {Advances in Neural Information Processing Systems},
  interhash = {2bc7609381d68bf9ec5d7cfc50859c0c},
  intrahash = {9f399860eb5fc39a4f45f58bfb37b3ce},
  keywords = {matrix_factorization},
  timestamp = {2011-12-22T14:03:49.000+0100},
  title = {Probabilistic Matrix Factorization},
  volume = 20,
  year = 2008
}
@inproceedings{multifacetedcf,
author = {Koren, Yehuda},
title = {Factorization Meets the Neighborhood: A Multifaceted Collaborative Filtering Model},
year = {2008},
isbn = {9781605581934},
publisher = {Association for Computing Machinery},
address = {New York, NY, USA},
url = {https://doi.org/10.1145/1401890.1401944},
doi = {10.1145/1401890.1401944},
pages = {426–434},
numpages = {9},
keywords = {collaborative filtering, recommender systems},
location = {Las Vegas, Nevada, USA},
series = {KDD '08}
}

@article{threshold,
author = {Elahi, Mehdi and Ricci, Francesco and Rubens, Neil},
title = {Active Learning Strategies for Rating Elicitation in Collaborative Filtering: A System-Wide Perspective},
year = {2014},
issue_date = {December 2013},
publisher = {Association for Computing Machinery},
address = {New York, NY, USA},
volume = {5},
number = {1},
issn = {2157-6904},
url = {https://doi.org/10.1145/2542182.2542195},
doi = {10.1145/2542182.2542195},
journal = {ACM Trans. Intell. Syst. Technol.},
month = jan,
articleno = {13},
numpages = {33},
keywords = {rating elicitation, Recommender systems, cold start, active learning}
}
@inproceedings{ctr,
author = {Li, Lihong and Chu, Wei and Langford, John and Schapire, Robert E.},
title = {A Contextual-Bandit Approach to Personalized News Article Recommendation},
year = {2010},
isbn = {9781605587998},
publisher = {Association for Computing Machinery},
address = {New York, NY, USA},
url = {https://doi.org/10.1145/1772690.1772758},
doi = {10.1145/1772690.1772758},
booktitle = {Proceedings of the 19th International Conference on World Wide Web},
pages = {661–670},
numpages = {10},
keywords = {exploration/exploitation dilemma, contextual bandit, recommender systems, personalization, web service},
location = {Raleigh, North Carolina, USA},
series = {WWW '10}
}
@article{movielens,
author = {Harper, F. Maxwell and Konstan, Joseph A.},
title = {The MovieLens Datasets: History and Context},
year = {2015},
issue_date = {January 2016},
publisher = {Association for Computing Machinery},
address = {New York, NY, USA},
volume = {5},
number = {4},
issn = {2160-6455},
url = {https://doi.org/10.1145/2827872},
doi = {10.1145/2827872},
journal = {ACM Trans. Interact. Intell. Syst.},
month = dec,
articleno = {19},
numpages = {19},
keywords = {MovieLens, recommendations, Datasets, ratings}
}
@article{ndcg,
  author    = {Yining Wang and
               Liwei Wang and
               Yuanzhi Li and
               Di He and
               Tie{-}Yan Liu and
               Wei Chen},
  title     = {A Theoretical Analysis of {NDCG} Type Ranking Measures},
  journal   = {CoRR},
  volume    = {abs/1304.6480},
  year      = {2013},
  url       = {http://arxiv.org/abs/1304.6480},
  archivePrefix = {arXiv},
  eprint    = {1304.6480},
  timestamp = {Wed, 17 Feb 2021 09:07:03 +0100},
  biburl    = {https://dblp.org/rec/journals/corr/abs-1304-6480.bib},
  bibsource = {dblp computer science bibliography, https://dblp.org}
}
@article{billsus2000user,
  title={User modeling for adaptive news access},
  author={Billsus, Daniel and Pazzani, Michael J},
  journal={User modeling and user-adapted interaction},
  volume={10},
  number={2},
  pages={147--180},
  year={2000},
  publisher={Springer}
}
@article{experiment,
  title={Contextual bandit algorithm using disjoint LinUCB},
  author={Apoorv Purwar},
  journal = {GitHub},
  year={2018}
}