@article{lu2013spectra,
  title={Spectra of Edge-Independent Random Graphs},
  author={Lu, Linyuan and Peng, Xing},
  journal={Electronic Journal of Combinatorics},
  volume={20},
  pages={P27},
  year={2013}
}



@unpublished{modell2021spectral,
  title={Spectral clustering under degree heterogeneity: a case for the random walk Laplacian},
  author={Modell, Alexander and Rubin-Delanchy, Patrick},
  note={arXiv preprint \#2105.00987},
  year={2021}
}
@article{zachary1977information,
  title={An information flow model for conflict and fission in small groups},
  author={Zachary, Wayne W},
  journal={Journal of Anthropological Research},
  volume={33},
  number={4},
  pages={452--473},
  year={1977},
  publisher={University of New Mexico}
}
@inproceedings{adamic2005political,
  title={The political blogosphere and the 2004 US election: divided they blog},
  author={Adamic, Lada A and Glance, Natalie},
  booktitle={Proceedings of the 3rd international workshop on Link discovery},
  pages={36--43},
  year={2005}
}
@article{shi_malik,
author = {J.~Shi and J.~Malik},
title = {Normalized cuts and image segmentation},
year = {2000},
volume = {8},
journal = {IEEE Transactions on Pattern Analysis and Machine Intelligence},
pages = {888--905}
}
Jianbo Shi and Jitendra Malik. 2000. Normalized cuts and image segmentation.
IEEE PAMI 22, 8 (2000), 888–905.
@article{karrer2011stochastic,
  title={Stochastic blockmodels and community structure in networks},
  author={Karrer, Brian and Newman, Mark EJ},
  journal={Physical Review E},
  volume={83},
  number={1},
  pages={016107},
  year={2011},
  publisher={APS}
}

@article{frame_work,
author = {Huicheng Yan and Dong Xu and Benyu Zhang and
Hong-Jiang Zhang and Qiang Yang and Stephen Lin},
title = {Graph embedding and extensions: A general framework for 
dimensionality reduction},
journal = {IEEE Transactions on Pattern Analysis and Machine Intelligence},
volume = {29},
year = {2007},
pages = {40--51},
}

@article{pine,
author = {Gui, Shupeng and Zhang, Xiangliang and Zhong, Pan and Qiu, Shuang and Wu, Mingrui and Ye, Jieping and Wang, Zhengdao and Liu, Ji},
title = {{PINE}: Universal Deep Embedding for Graph Nodes via Partial Permutation Invariant Set Functions},
year = {2022},
journal = {IEEE Transactions on Pattern Analysis and Machine Intelligence},
volume = {44},
pages = {770–782},
}

  



@article{line_graph,
author = {Lei Cai and Jundong Li and Jie Wang and Shuiwang Ji},
title = {Line Graph Neural Networks for Link Prediction},
journal = {IEEE Transactions on Pattern Analysis and Machine Intelligence},
volume = {44},
pages = {5103--5113},
year = {2022}}


@article{scrucca2016mclust,
  title={Mclust 5: clustering, classification and density estimation using Gaussian finite mixture models},
  author={Scrucca, Luca and Fop, Michael and Murphy, T Brendan and Raftery, Adrian E},
  journal={The R Journal},
  volume={8},
  number={1},
  pages={289},
  year={2016},
  publisher={NIH Public Access}
}
@article{fraley2002model,
  title={Model-based clustering, discriminant analysis, and density estimation},
  author={Fraley, Chris and Raftery, Adrian E},
  journal={Journal of the American Statistical Association},
  volume={97},
  number={458},
  pages={611--631},
  year={2002},
  publisher={Taylor \& Francis}
}

@article{lyzinski2014perfect,
  title={Perfect clustering for stochastic blockmodel graphs via adjacency spectral embedding},
  author={Lyzinski, Vince and Sussman, Daniel L and Tang, Minh and Athreya, Avanti and Priebe, Carey E},
  journal={Electronic Journal of Statistics},
  volume={8},
  pages={2905--2922},
  year={2014},
}

@unpublished{lei2019unified,
  title={Unified Two-to-infinity Eigenspace Perturbation Theory for Symmetric Random Matrices},
  author={Lei, Lihua},
  note={arXiv preprint \#1909.04798},
  year={2019}
}

@unpublished{sussman_vec,
author = {C.~Lin and D.~L.~Sussman and P.~Ishwar},
title = {Ergodic Limits, Relaxations, and Geometric Properties of Random Walk Node Embeddings},
note = {arXiv preprint \#2109.04526},
year = {2021}}
@article{hoff2002,
author = {P.~D.~Hoff and A.~E.~Raftery and M.~S.~Handcock},
title = {Latent space approaches to social network analysis},
journal = {Journal of the American Statistical Association}, 
year = {2002},
volume = {97},
pages = {1090--1098}}

@article{cape2019two,
  title={The two-to-infinity norm and singular subspace geometry with applications to high-dimensional statistics},
  author={Cape, Joshua and Tang, Minh and Priebe, Carey E},
  journal={Annals of Statistics},
  volume={47},
  pages={2405--2439},
  year={2019},
  publisher={Institute of Mathematical Statistics}
}
@unpblished{barot2021community,
  title={Community detection using low-dimensional network embedding algorithms},
  author={Barot, Aman and Bhamidi, Shankar and Dhara, Souvik},
  note ={arXiv preprint \#2111.05267},
  year={2021}
}

@article{sgd_convergence,
author = {B.~Fehrman and B.~Gess and A.~Jentzen},
title = {Convergence rates for the stochastic gradient descent method for non-convex objective function},
year = {2020},
journal = {Journal of Machine Learning Research},
volume = {21}
}

@article{chi2019nonconvex,
  title={Nonconvex optimization meets low-rank matrix factorization: An overview},
  author={Chi, Yuejie and Lu, Yue M and Chen, Yuxin},
  journal={IEEE Transactions on Signal Processing},
  volume={67},
  pages={5239--5269},
  year={2019},
  publisher={IEEE}
}

@inproceedings{ng_jordan_weiss,
author = {Andrew Ng and Michael I. Jordan and Yair Weiss},
title = {On spectral clustering: analysis and an algorithm},
booktitle={Advances in Neural Information Processing Systems},
year = {2001},
pages = {849--856}
}
@article{bickel2009nonparametric,
  title={A nonparametric view of network models and Newman--Girvan and other modularities},
  author={Bickel, Peter J and Chen, Aiyou},
  journal={Proceedings of the National Academy of Sciences},
  volume={106},
  pages={21068--21073},
  year={2009},
  publisher={National Acad Sciences}
}

@article{gao_optimal,
author = {C.~Gao and Z.~Ma and A.~Y.~Zhang and H.~H.~Zhou},
title = {Achieving optimal mis-classification proportion in stochastic blockmodels},
journal = {Journal of Machine Learning Research},
volume = {18},
pages = {1--45},
year = {2017}}

@article{bickel2011method,
  title={The method of moments and degree distributions for network models},
  author={Bickel, Peter J and Chen, Aiyou and Levina, Elizaveta},
  journal={Annals of Statistics},
  volume={39},
  pages={2280--2301},
  year={2011},
  publisher={Institute of Mathematical Statistics}
}
@article{klopp2017oracle,
  title={Oracle inequalities for network models and sparse graphon estimation},
  author={Klopp, Olga and Tsybakov, Alexandre B and Verzelen, Nicolas},
  journal={Annals of Statistics},
  volume={45},
   pages={316--354},
  year={2017},
  publisher={Institute of Mathematical Statistics}
}
@inproceedings{xu2014edge,
  title={Edge label inference in generalized stochastic block models: from spectral theory to impossibility results},
  author={Xu, Jiaming and Massouli{\'e}, Laurent and Lelarge, Marc},
  booktitle={Proceedings of the 27th Conference on Learning Theory},
  pages={903--920},
  year={2014},
}
@article{lei2021network,
  title={Network representation using graph root distributions},
  author={Lei, Jing},
  journal={Annals of Statistics},
  volume={49},
  pages={745--768},
  year={2021},
  publisher={Institute of Mathematical Statistics}
}

@article{zhao2012consistency,
  title={Consistency of community detection in networks under degree-corrected stochastic block models},
  author={Zhao, Yunpeng and Levina, Elizaveta and Zhu, Ji},
  journal={Annals of Statistics},
  volume={40},
   pages={2266--2292},
  year={2012},
  publisher={Institute of Mathematical Statistics}
}

@article{grdpg,
author = {P.~Rubin-Delanchy and J.~Cape and M.~Tang and C.~E.~Priebe},
title = {A statistical interpretation of spectral embedding: the generalised random dot product graph},
journal = {Journal of the Royal Statistical Society, Series B},
year = {2022},
volume = {84},
pages = {1446--1473}
}

@article{lyzinski13:_perfec,
        author =  {V.~Lyzinski and D.~L.~Sussman and M.~Tang and A.~Athreya and C.~E.~Priebe},
        title =   {Perfect clustering for stochastic blockmodel graphs via adjacency spectral embedding},
        journal =                                {Electronic Journal of Statistics},
        year =                           2014,
  volume = {8},
  pages = {2905--2922}
}



@article{von2007tutorial,
  title={A tutorial on spectral clustering},
  author={U.~von Luxburg},
  journal={Statistics and Computing},
  volume={17},
  pages={395--416},
  year={2007},
  publisher={Springer}
}

@article{gao2018community,
  title={Community detection in degree-corrected block models},
  author={Gao, Chao and Ma, Zongming and Zhang, Anderson Y and Zhou, Harrison H },
  journal={Annals of Statistics},
  volume={46},
  pages={2153--2185},
  year={2018},
  publisher={Institute of Mathematical Statistics}
}
@article{berend2010improved,
  title={Improved bounds on Bell numbers and on moments of sums of random variables},
  author={Berend, Daniel and Tassa, Tamir},
  journal={Probability and Mathematical Statistics},
  volume={30},
  pages={185--205},
  year={2010}
}
@article{xie2019optimal,
  title={Optimal Bayesian estimation for random dot product graphs},
  author={Xie, Fangzheng and Xu, Yanxun},
  journal={Biometrika},
  volume={103},
  pages={1--16},
  year={2019}
}
@article{athreya2017statistical,
  title={Statistical inference on random dot product graphs: a survey},
  author={Athreya, Avanti and Fishkind, Donniell E and Tang, Minh and Priebe, Carey E and Park, Youngser and Vogelstein, Joshua T and Levin, Keith and Lyzinski, Vince and Qin, Yichen},
  journal={The Journal of Machine Learning Research},
  volume={18},
  pages={8393--8484},
  year={2017},
  publisher={JMLR. org}
}
@article{tang2018limit,
  title={Limit theorems for eigenvectors of the normalized Laplacian for random graphs},
  author={Tang, Minh and Priebe, Carey E},
  journal={Annals of Statistics},
  volume={46},
  pages={2360--2415},
  year={2018},
  publisher={Institute of Mathematical Statistics}
}
@article{arias2017some,
  title={Some theory for ordinal embedding},
  author={Arias-Castro, Ery},
  journal={Bernoulli},
  volume={23},
  pages={1663--1693},
  year={2017},
  publisher={Bernoulli Society for Mathematical Statistics and Probability}
}
@inproceedings{terada2014local,
  title={Local ordinal embedding},
  author={Terada, Yoshikazu and Luxburg, Ulrike},
  booktitle={International Conference on Machine Learning},
  pages={847--855},
  year={2014}
}
@article{tang2013universally,
  title={Universally consistent vertex classification for latent positions graphs},
  author={Tang, Minh and Sussman, Daniel L and Priebe, Carey E},
  journal={Annals of Statistics},
  volume={41},
  pages={1406--1430},
  year={2013},
  publisher={Institute of Mathematical Statistics}
}
@unpublished{qiu2020concentration,
  title={Concentration Bounds for Co-occurrence Matrices of Markov Chains},
  author={Qiu, Jiezhong and Wang, Chi and Liao, Ben and Peng, Richard and Tang, Jie},
  note={arXiv preprint \#2008.02464},
  year={2020}
}
@inproceedings{qiu2018network,
  title={Network embedding as matrix factorization: Unifying deepwalk, line, pte, and node2vec},
  author={Qiu, Jiezhong and Dong, Yuxiao and Ma, Hao and Li, Jian and Wang, Kuansan and Tang, Jie},
  booktitle={Proceedings of the Eleventh ACM International Conference on Web Search and Data Mining},
  pages={459--467},
  year={2018}
}
@inproceedings{palumbo2018knowledge,
  title={Knowledge graph embeddings with node2vec for item recommendation},
  author={Palumbo, Enrico and Rizzo, Giuseppe and Troncy, Rapha{\"e}l and Baralis, Elena and Osella, Michele and Ferro, Enrico},
  booktitle={European Semantic Web Conference},
  pages={117--120},
  year={2018},
  organization={Springer}
}
@inproceedings{chu2019neural,
  title={Neural turtle graphics for modeling city road layouts},
  author={Chu, Hang and Li, Daiqing and Acuna, David and Kar, Amlan and Shugrina, Maria and Wei, Xinkai and Liu, Ming-Yu and Torralba, Antonio and Fidler, Sanja},
  booktitle={Proceedings of the IEEE International Conference on Computer Vision},
  pages={4522--4530},
  year={2019}
}
@inproceedings{zheng2020gman,
  title={Gman: A graph multi-attention network for traffic prediction},
  author={Zheng, Chuanpan and Fan, Xiaoliang and Wang, Cheng and Qi, Jianzhong},
  booktitle={AAAI},
  volume={34},
  pages={1234--1241},
  year={2020}
}
@article{zong2017deep,
  title={Deep mining heterogeneous networks of biomedical linked data to predict novel drug--target associations},
  author={Zong, Nansu and Kim, Hyeoneui and Ngo, Victoria and Harismendy, Olivier},
  journal={Bioinformatics},
  volume={33},

  pages={2337--2344},
  year={2017},
  publisher={Oxford University Press}


}

@article{bickel13:_hypot,
  author =     {P.~Sarkar and P.~J.~Bickel},
  title =    {Hypothesis testing for automated community detection
                  in networks},
  year =     {2016}, 
  journal =     {Journal of the Royal Statistical Association, Series B},
  volume = {78},
  pages = {253--273}
}

@article{lei2014,
  author = {J.~Lei},
  title = {A Goodness-of-fit Test for Stochastic Block Models},
  year = {2016},
  volume = {44},
  journal = {Annals of Statistics},
  pages = {401--424}
}


@article{zhang2019identification,
  title={Identification of human membrane protein types by incorporating network embedding methods},
  author={Zhang, Xiaolin and Chen, Lei and Guo, Zi-Han and Liang, Haiyan},
  journal={IEEE Access},
  volume={7},
  pages={140794--140805},
  year={2019},
  publisher={IEEE}
}
@article{zhang2019biowordvec,
  title={BioWordVec, improving biomedical word embeddings with subword information and MeSH},
  author={Zhang, Yijia and Chen, Qingyu and Yang, Zhihao and Lin, Hongfei and Lu, Zhiyong},
  journal={Scientific Data},
  volume={6},
  pages={1--9},
  year={2019},
  publisher={Nature Publishing Group}
}
@article{hamilton2017,
  title={Representation learning on graphs: Methods and applications},
  author={Hamilton, William L and Ying, Rex and Leskovec, Jure},
  journal={IEEE Data Engineering Bulletin},
  pages = {52--74},
  volume = {40},
  year={2017}
}
@article{chen2020graph,
  title={Graph representation learning: a survey},
  author={Chen, Fenxiao and Wang, Yun-Cheng and Wang, Bin and Kuo, C-C Jay},
  journal={APSIPA Transactions on Signal and Information Processing},
  volume=9,
  pages = {e15},
  year=2020,
}
@article{cui2018survey,
  title={A survey on network embedding},
  author={Cui, Peng and Wang, Xiao and Pei, Jian and Zhu, Wenwu},
  journal={IEEE Transactions on Knowledge and Data Engineering},
  volume={31},
  pages={833--852},
  year={2018},
  publisher={IEEE}
}
@inproceedings{kipf2016semi,
  title={Semi-supervised classification with graph convolutional networks},
  author={Kipf, Thomas N and Welling, Max},
  booktitle={International Conference on Learning Representations},
  year={2017}
}
@article{robinson1995typology,
  title={A typology of deviant workplace behaviors: A multidimensional scaling study},
  author={Robinson, Sandra L and Bennett, Rebecca J},
  journal={Academy of Management Journal},
  volume={38},
  pages={555--572},
  year={1995},
  publisher={Academy of Management Briarcliff Manor, NY 10510}
}
@inproceedings{ye2005two,
  title={Two-dimensional linear discriminant analysis},
  author={Ye, Jieping and Janardan, Ravi and Li, Qi},
  booktitle={Advances in Neural Information Processing Systems},
  pages={1569--1576},
  year={2005}
}

@article{rohe2011spectral,
  title={Spectral clustering and the high-dimensional stochastic blockmodel},
  author={Rohe, Karl and Chatterjee, Sourav and Yu, Bin},
  journal={Annals of Statistics},
  volume={39},
  pages={1878--1915},
  year={2011},
  publisher={Institute of Mathematical Statistics}
}
@article{belkin2003laplacian,
  title={Laplacian eigenmaps for dimensionality reduction and data representation},
  author={Belkin, Mikhail and Niyogi, Partha},
  journal={Neural computation},
  volume={15},
  pages={1373--1396},
  year={2003},
  publisher={MIT Press}
}

@unpublished{surprising,
author = {C.~Hacker and B.~Rieck},
title = {On the Suprising behavior of node2vec},
note = {{ICML} Workshop on Topology, Algebra, and Machine Learning. arXiv preprint \#2206.082525},
year = {2022}
}

@article{theocharidis2009network,
  title={Network visualization and analysis of gene expression data using BioLayout Express 3D},
  author={Theocharidis, Athanasios and Van Dongen, Stjin and Enright, Anton J and Freeman, Tom C},
  journal={Nature Protocols},
  volume={4},
  pages={1535},
  year={2009},
  publisher={Nature Publishing Group}
}

@article{sussman2012consistent,
  title={A consistent adjacency spectral embedding for stochastic blockmodel graphs},
  author={Sussman, Daniel L and Tang, Minh and Fishkind, Donniell E and Priebe, Carey E},
  journal={Journal of the American Statistical Association},
  volume={107},
  pages={1119--1128},
  year={2012},
  publisher={Taylor \& Francis}
}
@inproceedings{hamilton2017inductive,
  title={Inductive representation learning on large graphs},
  author={Hamilton, Will and Ying, Zhitao and Leskovec, Jure},
  booktitle={Advances in Neural Information Processing Systems},
  pages={1024--1034},
  year={2017}
}
@article{liben2007link,
  title={The link-prediction problem for social networks},
  author={Liben-Nowell, David and Kleinberg, Jon},
  journal={Journal of the American Society for Information Science and Technology},
  volume={58},
  pages={1019--1031},
  year={2007},
  publisher={Wiley Online Library}
}
@inproceedings{wang2017community,
  title={Community preserving network embedding.},
  author={Wang, Xiao and Cui, Peng and Wang, Jing and Pei, Jian and Zhu, Wenwu and Yang, Shiqiang},
  booktitle={AAAI},
  volume={17},
  pages={203--209},
  year={2017}
}
@article{erdHos2013spectral,
  title={Spectral statistics of Erd{\H{o}}s--R{\'e}nyi graphs I: Local semicircle law},
  author={Erd{\H{o}}s, L{\'a}szl{\'o} and Knowles, Antti and Yau, Horng-Tzer and Yin, Jun},
  journal={Annals of Probability},
  volume={41},
  pages={2279--2375},
  year={2013},
  publisher={Institute of Mathematical Statistics}
}

@Article{davis70,
  author =     {C.~Davis and W.~Kahan},
  title =      {The rotation of eigenvectors by a pertubation. {III}.},
  journal =    {Siam Journal on Numerical Analysis},
  year =     1970,
  volume =   7,
  pages =    {1--46}}
 
@article{yu2015useful,
author = {Y.~Yu and T.~Wang and R.~J.~Samworth},
title = {A useful variant of the {D}avis-{K}ahan theorem for statisticians},
journal = {Biometrika},
volume = {102},
pages = {315--323},
year = {2015},
}



@unpublished{Tomas2013ICLR,
title = {Efficient Estimation of Word Representations in Vector Space},
author = {Tomas Mikolov and Kai Chen and Greg S. Corrado and Jeffrey Dean},
note ={arXiv preprint \#1301.3781},
year = 2013,
}

@book{bollobas2001random,
  title={Random graphs},
  author={B{\'e}la Bollob{\'a}s},
  year={2001},
  publisher={Cambridge university press}
}
@article{holland1983stochastic,
  title={Stochastic blockmodels: First steps},
  author={Holland, Paul W and Laskey, Kathryn Blackmond and Leinhardt, Samuel},
  journal={Social Networks},
  volume={5},
  pages={109--137},
  year={1983},
  publisher={Elsevier}
}
@inproceedings{grover2016node2vec,
  title={node2vec: Scalable feature learning for networks},
  author={Grover, Aditya and Leskovec, Jure},
  booktitle={Proceedings of the 22nd ACM SIGKDD International Conference on Knowledge Discovery and Data Mining},
  pages={855--864},
  year={2016}
}
@article{chen2020spectral,
  title={Spectral methods for data science: A statistical perspective},
  author={Chen, Yuxin and Chi, Yuejie and Fan, Jianqing and Ma, Cong},
  journal={Foundations and Trends in Machine Learning},
  volume = {14},
  pages = {566--806},
  year={2021},
}
@inproceedings{perozzi2014deepwalk,
  title={Deepwalk: Online learning of social representations},
  author={Perozzi, Bryan and Al-Rfou, Rami and Skiena, Steven},
  booktitle={Proceedings of the 20th ACM SIGKDD International Conference on Knowledge Discovery and Data Mining},
  pages={701--710},
  year={2014}
}
@inproceedings{mikolov2013distributed,
  title={Distributed representations of words and phrases and their compositionality},
  author={Mikolov, Tomas and Sutskever, Ilya and Chen, Kai and Corrado, Greg S and Dean, Jeff},
  booktitle={Advances in Neural Information Processing Systems},
  pages={3111--3119},
  year={2013}
}
@inproceedings{levy2014dependency,
  title={Dependency-based word embeddings},
  author={Levy, Omer and Goldberg, Yoav},
  booktitle={Proceedings of the 52nd Annual Meeting of the Association for Computational Linguistics (Volume 2: Short Papers)},
  pages={302--308},
  year={2014}
}
@inproceedings{levy2014neural,
  title={Neural word embedding as implicit matrix factorization},
  author={Levy, Omer and Goldberg, Yoav},
  booktitle={Advances in Neural Information Processing Systems},
  pages={2177--2185},
  year={2014}
}
@article{abbe2017community,
  title={Community detection and stochastic block models: recent developments},
  author={Abbe, Emmanuel},
  journal={Journal of Machine Learning Research},
  volume={18},
  pages={6446--6531},
  year={2017},
  publisher={JMLR. org}
}
@inproceedings{bordenave2015non,
  title={Non-backtracking spectrum of random graphs: community detection and non-regular ramanujan graphs},
  author={Bordenave, Charles and Lelarge, Marc and Massouli{\'e}, Laurent},
  booktitle={Proceedings of the 56th IEEE Annual Symposium on Foundations of Computer Science},
  pages={1347--1357},
  year={2015},
}