version https://git-lfs.github.com/spec/v1
oid sha256:9c632f6964e606e2bd6be9d301ad54a9a42f7440cc2d1f02a6ddcbfc288f4507
size 21635
