version https://git-lfs.github.com/spec/v1
oid sha256:7992bc0769a2e6a5baa59ada0ab4157e503d64ea7fbe994d2e97a8954ae60b64
size 22639
