@book{hiriart2012fundamentals,
  title={Fundamentals of convex analysis},
  author={Hiriart-Urruty, Jean-Baptiste and Lemar{\'e}chal, Claude},
  year={2012},
  publisher={Springer Science \& Business Media}
}

@article{oord2018representation,
  title={Representation learning with contrastive predictive coding},
  author={Oord, Aaron van den and Li, Yazhe and Vinyals, Oriol},
  journal={arXiv preprint arXiv:1807.03748},
  year={2018}
}

@inproceedings{poole2019variational,
  title={On variational bounds of mutual information},
  author={Poole, Ben and Ozair, Sherjil and Van Den Oord, Aaron and Alemi, Alex and Tucker, George},
  booktitle={ICML},
  year={2019}
}

@inproceedings{tao2019fenchel,
  title={On {Fenchel} Mini-Max Learning},
  author={Tao, Chenyang and Chen, Liqun and Dai, Shuyang and Chen, Junya and Bai, Ke and Wang, Dong and Feng, Jianfeng and Lu, Wenlian and Bobashev, Georgiy and Carin, Lawrence},
  booktitle={NeurIPS},
  year={2019}
}




@inproceedings{chen2020simple,
  title={A simple framework for contrastive learning of visual representations},
  author={Chen, Ting and Kornblith, Simon and Norouzi, Mohammad and Hinton, Geoffrey},
  booktitle={ICML},
  year={2020},
}

@article{chen2020improved,
  title={Improved baselines with momentum contrastive learning},
  author={Chen, Xinlei and Fan, Haoqi and Girshick, Ross and He, Kaiming},
  journal={arXiv preprint arXiv:2003.04297},
  year={2020}
}

@article{gutmann2012noise,
  title={Noise-contrastive estimation of unnormalized statistical models, with applications to natural image statistics},
  author={Gutmann, Michael U and Hyv{\"a}rinen, Aapo},
  journal={Journal of Machine Learning Research},
  volume={13},
  number={Feb},
  pages={307--361},
  year={2012}
}

@article{gutmann2012bregman,
  title={Bregman divergence as general framework to estimate unnormalized statistical models},
  author={Gutmann, Michael and Hirayama, Jun-ichiro},
  journal={arXiv preprint arXiv:1202.3727},
  year={2012}
}

@book{owen2013mcbook,
   author = {Art B. Owen},
   year = {2013},
   title = {Monte Carlo theory, methods and examples}
}

@inproceedings{chen2016infogan,
  title={Info{GAN}: Interpretable representation learning by information maximizing generative adversarial nets},
  author={Chen, Xi and Duan, Yan and Houthooft, Rein and Schulman, John and Sutskever, Ilya and Abbeel, Pieter},
  booktitle={NIPS},
  year={2016}
}

@inproceedings{nowozin2016f,
  title={f-{GAN}: Training generative neural samplers using variational divergence minimization},
  author={Nowozin, Sebastian and Cseke, Botond and Tomioka, Ryota},
  booktitle={NIPS},
  year={2016}
}

@article{neal2001annealed,
  title={Annealed importance sampling},
  author={Neal, Radford M},
  journal={Statistics and computing},
  volume={11},
  number={2},
  pages={125--139},
  year={2001},
  publisher={Springer}
}


@article{tishby2000information,
  title={The information bottleneck method},
  author={Tishby, Naftali and Pereira, Fernando C and Bialek, William},
  journal={arXiv preprint physics/0004057},
  year={2000}
}

@inproceedings{tishby2015deep,
  title={Deep learning and the information bottleneck principle},
  author={Tishby, Naftali and Zaslavsky, Noga},
  booktitle={2015 IEEE Information Theory Workshop (ITW)},
  pages={1--5},
  year={2015},
  organization={IEEE}
}

@inproceedings{saxe2018information,
  title={On the information bottleneck theory of deep learning},
  author={Saxe, Andrew M and Bansal, Yamini and Dapello, Joel and Advani, Madhu and Kolchinsky, Artemy and Tracey, Brendan D and Cox, David D},
  booktitle={ICLR},
  year={2018},
}

@inproceedings{noroozi2016unsupervised,
  title={Unsupervised learning of visual representations by solving jigsaw puzzles},
  author={Noroozi, Mehdi and Favaro, Paolo},
  booktitle={ECCV},
  pages={69--84},
  year={2016},
  organization={Springer}
}

@inproceedings{moyer2018invariant,
  title={Invariant representations without adversarial training},
  author={Moyer, Daniel and Gao, Shuyang and Brekelmans, Rob and Steeg, Greg Ver and Galstyan, Aram},
  booktitle={NeurIPS},
  year={2018}
}

@inproceedings{cheng2020club,
  title={{CLUB}: A contrastive log-ratio upper bound of mutual information},
  author={Cheng, Pengyu and Hao, Weituo and Dai, Shuyang and Liu, Jiachang and Gan, Zhe and Carin, Lawrence},
  booktitle={ICML},
  year={2020}
}

@inproceedings{hjelm2019learning,
  title={Learning deep representations by mutual information estimation and maximization},
  author={Hjelm, R Devon and Fedorov, Alex and Lavoie-Marchildon, Samuel and Grewal, Karan and Bachman, Phil and Trischler, Adam and Bengio, Yoshua},
  booktitle={ICLR},
  year={2019}
}

@inproceedings{song2020understanding,
  title={Understanding the Limitations of Variational Mutual Information Estimators},
  author={Song, Jiaming and Ermon, Stefano},
  booktitle={ICLR},
  year={2020}
}

@inproceedings{belghazi2018mutual,
  title={Mutual information neural estimation},
  author={Belghazi, Mohamed Ishmael and Baratin, Aristide and Rajeshwar, Sai and Ozair, Sherjil and Bengio, Yoshua and Courville, Aaron and Hjelm, Devon},
  booktitle={ICML},
  year={2018}
}

@article{kraskov2004estimating,
  title={Estimating mutual information},
  author={Kraskov, Alexander and St{\"o}gbauer, Harald and Grassberger, Peter},
  journal={Physical review E},
  volume={69},
  number={6},
  pages={066138},
  year={2004},
  publisher={APS}
}


@article{agakov2004algorithm,
  title={The {IM} algorithm: a variational approach to information maximization},
  author={Barber, David and  Agakov, Felix},
  journal={NIPS},
  volume={16},
  pages={201},
  year={2004}
}

@article{donsker1983asymptotic,
  title={Asymptotic evaluation of certain Markov process expectations for large time. IV},
  author={Donsker, Monroe D and Varadhan, SR Srinivasa},
  journal={Communications on Pure and Applied Mathematics},
  volume={36},
  number={2},
  pages={183--212},
  year={1983},
  publisher={Wiley Online Library}
}

@article{nguyen2010estimating,
  title={Estimating divergence functionals and the likelihood ratio by convex risk minimization},
  author={Nguyen, XuanLong and Wainwright, Martin J and Jordan, Michael I},
  journal={IEEE transactions on Information Theory},
  volume={56},
  number={11},
  pages={5847--5861},
  year={2010},
  publisher={IEEE}
}

@inproceedings{alemi2018fixing,
  title={Fixing a broken {ELBO}},
  author={Alemi, Alexander and Poole, Ben and Fischer, Ian and Dillon, Joshua and Saurous, Rif A and Murphy, Kevin},
  booktitle={ICML},
  pages={159--168},
  year={2018}
}

@article{reshef2011detecting,
  title={Detecting novel associations in large data sets},
  author={Reshef, David N and Reshef, Yakir A and Finucane, Hilary K and Grossman, Sharon R and McVean, Gilean and Turnbaugh, Peter J and Lander, Eric S and Mitzenmacher, Michael and Sabeti, Pardis C},
  journal={science},
  volume={334},
  number={6062},
  pages={1518--1524},
  year={2011},
  publisher={American Association for the Advancement of Science}
}

@inproceedings{gao2015efficient,
  title={Efficient estimation of mutual information for strongly dependent variables},
  author={Gao, Shuyang and Ver Steeg, Greg and Galstyan, Aram},
  booktitle={AISTATS},
  year={2015}
}

@inproceedings{moyer2018invariant,
  title={Invariant representations without adversarial training},
  author={Moyer, Daniel and Gao, Shuyang and Brekelmans, Rob and Steeg, Greg Ver and Galstyan, Aram},
  booktitle={NeurIPS},
  year={2018}
}


@article{bach2002kernel,
  title={Kernel independent component analysis},
  author={Bach, Francis R and Jordan, Michael I},
  journal={Journal of Machine Learning Research},
  volume={3},
  number={Jul},
  pages={1--48},
  year={2002}
}

@article{gretton2005kernel,
  title={Kernel methods for measuring independence},
  author={Gretton, Arthur and Herbrich, Ralf and Smola, Alexander and Bousquet, Olivier and Sch{\"o}lkopf, Bernhard and others},
  year={2005},
  journal={Journal of Machine Learning Research},
  publisher={MIT Press}
}

@inproceedings{gretton2005measuring,
  title={Measuring statistical dependence with {Hilbert-Schmidt} norms},
  author={Gretton, Arthur and Bousquet, Olivier and Smola, Alex and Scholkopf, Bernhard},
  booktitle={ALT},
  year={2005},
}

@article{szekely2007measuring,
  title={Measuring and testing dependence by correlation of distances},
  author={Sz{\'e}kely, G{\'a}bor J and Rizzo, Maria L and Bakirov, Nail K and others},
  journal={The annals of statistics},
  volume={35},
  number={6},
  pages={2769--2794},
  year={2007},
  publisher={Institute of Mathematical Statistics}
}

@inproceedings{gretton2003kernel,
  title={The kernel mutual information},
  author={Gretton, Arthur and Herbrich, Ralf and Smola, Alexander J},
  booktitle={ICASSP},
  year={2003}
}

@article{higgins2016beta,
  title={$\beta$-{VAE}: Learning basic visual concepts with a constrained variational framework},
  author={Higgins, Irina and Matthey, Loic and Pal, Arka and Burgess, Christopher and Glorot, Xavier and Botvinick, Matthew and Mohamed, Shakir and Lerchner, Alexander},
  year={2016}
}

@article{burgess2018understanding,
  title={Understanding disentangling in $\beta$-VAE},
  author={Burgess, Christopher P and Higgins, Irina and Pal, Arka and Matthey, Loic and Watters, Nick and Desjardins, Guillaume and Lerchner, Alexander},
  journal={arXiv preprint arXiv:1804.03599},
  year={2018}
}

@inproceedings{rainforth2018nesting,
  title={On nesting monte carlo estimators},
  author={Rainforth, Tom and Cornish, Rob and Yang, Hongseok and Warrington, Andrew and Wood, Frank},
  booktitle={International Conference on Machine Learning},
  year={2018}
}

@inproceedings{mathieu2019disentangling,
  title={Disentangling disentanglement in variational autoencoders},
  author={Mathieu, Emile and Rainforth, Tom and Siddharth, Nana and Teh, Yee Whye},
  booktitle={International Conference on Machine Learning},
  year={2019}
}

@article{ma2018noise,
  title={Noise contrastive estimation and negative sampling for conditional models: Consistency and statistical efficiency},
  author={Ma, Zhuang and Collins, Michael},
  journal={arXiv preprint arXiv:1809.01812},
  year={2018}
}

@inproceedings{mnih2016variational,
  title={Variational inference for monte carlo objectives},
  author={Mnih, Andriy and Rezende, Danilo},
  booktitle={ICML},
  pages={2188--2196},
  year={2016}
}

@inproceedings{burda2015importance,
  title={Importance weighted autoencoders},
  author={Burda, Yuri and Grosse, Roger and Salakhutdinov, Ruslan},
  booktitle={ICLR},
  year={2016}
}

@incollection{rainforth2017tighter,
  title={Tighter Variational Bounds are Not Necessarily Better},
  author={Rainforth, Tom and Le, Tuan Anh and Maddison, Maximilian Igl Chris J and Wood, Yee Whye Teh Frank},
  booktitle={NIPS workshop},
  year={2017}
}

@inproceedings{gutmann2010noise,
  title={Noise-contrastive estimation: A new estimation principle for unnormalized statistical models},
  author={Gutmann, Michael and Hyv{\"a}rinen, Aapo},
  booktitle={AISTATS},
  year={2010}
}

@article{gutmann2011bregman,
  title={Bregman divergence as general framework to estimate unnormalized statistical models},
  author={Gutmann, Michael and Hirayama, Jun-ichiro},
  booktitle={UAI},
  year={2011}
}

@inproceedings{chen2018isolating,
  title={Isolating sources of disentanglement in variational autoencoders},
  author={Chen, Ricky TQ and Li, Xuechen and Grosse, Roger and Duvenaud, David},
  booktitle={NeurIPS},
  year={2018}
}

@article{kolchinsky2019nonlinear,
  title={Nonlinear information bottleneck},
  author={Kolchinsky, Artemy and Tracey, Brendan D and Wolpert, David H},
  journal={Entropy},
  volume={21},
  number={12},
  pages={1181},
  year={2019},
  publisher={Multidisciplinary Digital Publishing Institute}
}

@inproceedings{tomczak2018vae,
  title={VAE with a VampPrior},
  author={Tomczak, Jakub and Welling, Max},
  year={2018},
  booktitle={AISTATS}
}

@article{gupta2021controllable,
  title={Controllable Guarantees for Fair Outcomes via Contrastive Information Estimation},
  author={Gupta, Umang and Ferber, Aaron and Dilkina, Bistra and Steeg, Greg Ver},
  journal={arXiv preprint arXiv:2101.04108},
  year={2021}
}

@article{palmer2015predictive,
  title={Predictive information in a sensory population},
  author={Palmer, Stephanie E and Marre, Olivier and Berry, Michael J and Bialek, William},
  journal={Proceedings of the National Academy of Sciences},
  volume={112},
  number={22},
  pages={6908--6913},
  year={2015},
  publisher={National Acad Sciences}
}

@inproceedings{kleinegesse2020bayesian,
  title={Bayesian experimental design for implicit models by mutual information neural estimation},
  author={Kleinegesse, Steven and Gutmann, Michael U},
  booktitle={ICML},
  year={2020}
}


@article{shannon1948mathematical,
  title={A mathematical theory of communication},
  author={Shannon, Claude E},
  journal={The Bell system technical journal},
  volume={27},
  number={3},
  pages={379--423},
  year={1948},
  publisher={Nokia Bell Labs}
}

@inproceedings{perez2008estimation,
  title={Estimation of information theoretic measures for continuous random variables},
  author={P{\'e}rez-Cruz, Fernando},
  booktitle={NIPS},
  year={2008}
}

@inproceedings{suzuki2008approximating,
  title={Approximating mutual information by maximum likelihood density ratio estimation},
  author={Suzuki, Taiji and Sugiyama, Masashi and Sese, Jun and Kanamori, Takafumi},
  booktitle={New challenges for feature selection in data mining and knowledge discovery},
  year={2008}
}

@inproceedings{kong2020mutual,
  title={A mutual information maximization perspective of language representation learning},
  author={Kong, Lingpeng and d'Autume, Cyprien de Masson and Ling, Wang and Yu, Lei and Dai, Zihang and Yogatama, Dani},
  booktitle={ICLR},
  year={2020}
}

@inproceedings{grill2020bootstrap,
  title={Bootstrap your own latent: A new approach to self-supervised learning},
  author={Grill, Jean-Bastien and Strub, Florian and Altch{\'e}, Florent and Tallec, Corentin and Richemond, Pierre H and Buchatskaya, Elena and Doersch, Carl and Pires, Bernardo Avila and Guo, Zhaohan Daniel and Azar, Mohammad Gheshlaghi and others},
  booktitle={NeurIPS},
  year={2020}
}

@article{fenchel1949conjugate,
  title={On conjugate convex functions},
  author={Fenchel, Werner},
  journal={Canadian Journal of Mathematics},
  volume={1},
  number={1},
  pages={73--77},
  year={1949},
  publisher={Cambridge University Press}
}

@article{touchette2005legendre,
  title={Legendre-Fenchel transforms in a nutshell},
  author={Touchette, Hugo},
  journal={URL http://www. maths. qmul. ac. uk/\~{} ht/archive/lfth2. pdf},
  year={2005}
}

@misc{nielsen2010legendre,
  title={Legendre transformation and information geometry},
  author={Nielsen, Frank},
  year={2010},
  publisher={CIG-MEMO2}
}

@article{jozefowicz2016exploring,
  title={Exploring the limits of language modeling},
  author={Jozefowicz, Rafal and Vinyals, Oriol and Schuster, Mike and Shazeer, Noam and Wu, Yonghui},
  journal={arXiv preprint arXiv:1602.02410},
  year={2016}
}

@inproceedings{mnih2013learning,
  title={Learning word embeddings efficiently with noise-contrastive estimation},
  author={Mnih, Andriy and Kavukcuoglu, Koray},
  booktitle={NIPS},
  year={2013}
}

@inproceedings{mikolov2013distributed,
  title={Distributed representations of words and phrases and their compositionality},
  author={Mikolov, Tomas and Sutskever, Ilya and Chen, Kai and Corrado, Greg and Dean, Jeffrey},
  booktitle={NIPS},
  year={2013}
}


@inproceedings{henaff2020data,
  title={Data-efficient image recognition with contrastive predictive coding},
  author={Henaff, Olivier},
  booktitle={International Conference on Machine Learning},
  year={2020}
}

@inproceedings{kolesnikov2019revisiting,
  title={Revisiting self-supervised visual representation learning},
  author={Kolesnikov, Alexander and Zhai, Xiaohua and Beyer, Lucas},
  booktitle={CVPR},
  year={2019}
}

@inproceedings{schroff2015facenet,
  title={Facenet: A unified embedding for face recognition and clustering},
  author={Schroff, Florian and Kalenichenko, Dmitry and Philbin, James},
  booktitle={CVPR},
  year={2015}
}

@inproceedings{wu2018unsupervised,
  title={Unsupervised feature learning via non-parametric instance discrimination},
  author={Wu, Zhirong and Xiong, Yuanjun and Yu, Stella X and Lin, Dahua},
  booktitle={CVPR},
  year={2018}
}

@inproceedings{he2020momentum,
  title={Momentum contrast for unsupervised visual representation learning},
  author={He, Kaiming and Fan, Haoqi and Wu, Yuxin and Xie, Saining and Girshick, Ross},
  booktitle={CVPR},
  year={2020}
}

@inproceedings{misra2020self,
  title={Self-supervised learning of pretext-invariant representations},
  author={Misra, Ishan and Maaten, Laurens van der},
  booktitle={CVPR},
  year={2020}
}

@inproceedings{hadsell2006dimensionality,
  title={Dimensionality reduction by learning an invariant mapping},
  author={Hadsell, Raia and Chopra, Sumit and LeCun, Yann},
  booktitle={CVPR},
  year={2006}
}

@article{tian2019contrastive,
  title={Contrastive multiview coding},
  author={Tian, Yonglong and Krishnan, Dilip and Isola, Phillip},
  journal={arXiv preprint arXiv:1906.05849},
  year={2019}
}

@inproceedings{henaff2020data,
  title={Data-efficient image recognition with contrastive predictive coding},
  author={Henaff, Olivier},
  booktitle={International Conference on Machine Learning},
  year={2020}
}

@inproceedings{grathwohl2018backpropagation,
  title={Backpropagation through the void: Optimizing control variates for black-box gradient estimation},
  author={Grathwohl, Will and Choi, Dami and Wu, Yuhuai and Roeder, Geoffrey and Duvenaud, David},
  booktitle={ICLR},
  year={2018}
}

@article{mcallester2018formal,
  title={Formal limitations on the measurement of mutual information},
  author={McAllester, David and Stratos, Karl},
  journal={arXiv preprint arXiv:1811.04251},
  year={2018}
}

@article{ozair2019wasserstein,
  title={Wasserstein dependency measure for representation learning},
  author={Ozair, Sherjil and Lynch, Corey and Bengio, Yoshua and Oord, Aaron van den and Levine, Sergey and Sermanet, Pierre},
  journal={NeurIPS},
  year={2019}
}

@article{tschannen2020mutual,
  title={On mutual information maximization for representation learning},
  author={Tschannen, Michael and Djolonga, Josip and Rubenstein, Paul K and Gelly, Sylvain and Lucic, Mario},
  journal={ICLR},
  year={2020}
}

@inproceedings{arjovsky2017wasserstein,
  title={Wasserstein generative adversarial networks},
  author={Arjovsky, Martin and Chintala, Soumith and Bottou, L{\'e}on},
  booktitle={ICML},
  year={2017}
}

@article{arora2019theoretical,
  title={A theoretical analysis of contrastive unsupervised representation learning},
  author={Arora, Sanjeev and Khandeparkar, Hrishikesh and Khodak, Mikhail and Plevrakis, Orestis and Saunshi, Nikunj},
  journal={ICML},
  year={2019}
}

@article{neyshabur2017pac,
  title={A {PAC-Bayesian} approach to spectrally-normalized margin bounds for neural networks},
  author={Neyshabur, Behnam and Bhojanapalli, Srinadh and Srebro, Nathan},
  journal={ICLR},
  year={2018}
}


@inproceedings{wu2017sampling,
  title={Sampling matters in deep embedding learning},
  author={Wu, Chao-Yuan and Manmatha, R and Smola, Alexander J and Krahenbuhl, Philipp},
  booktitle={ICCV},
  year={2017}
}

@inproceedings{hu2017learning,
  title={Learning discrete representations via information maximizing self-augmented training},
  author={Hu, Weihua and Miyato, Takeru and Tokui, Seiya and Matsumoto, Eiichi and Sugiyama, Masashi},
  booktitle={ICML},
  year={2017}
}


@inproceedings{hyvarinen2019nonlinear,
  title={Nonlinear ICA using auxiliary variables and generalized contrastive learning},
  author={Hyvarinen, Aapo and Sasaki, Hiroaki and Turner, Richard},
  booktitle={AISTATS},
  year={2019}
}

@inproceedings{bridle1992unsupervised,
  title={Unsupervised classifiers, mutual information and 'Phantom Targets'},
  author={Bridle, John S and Heading, Anthony JR and MacKay, David JC},
  booktitle={NIPS},
  year={1992},
  publisher={Morgan Kaufmann}
}

@inproceedings{gomes2010discriminative,
  title={Discriminative clustering by regularized information maximization},
  author={Gomes, Ryan and Krause, Andreas and Perona, Pietro},
  booktitle={NIPS},
  year={2010},
  publisher={Neural Information Processing Systems}
}

@book{mackay2003information,
  title={Information theory, inference and learning algorithms},
  author={MacKay, David JC},
  year={2003},
  publisher={Cambridge university press}
}


@inproceedings{blau2019rethinking,
  title={Rethinking lossy compression: The rate-distortion-perception tradeoff},
  author={Blau, Yochai and Michaeli, Tomer},
  booktitle={ICML},
  year={2019}
}

@inproceedings{ceylan2018conditional,
  title={Conditional noise-contrastive estimation of unnormalised models},
  author={Ceylan, Ciwan and Gutmann, Michael U},
  booktitle={ICML},
  year={2018}
}

@article{barber2003information,
  title={Information maximization in noisy channels: A variational approach},
  author={Barber, David and Agakov, Felix V},
  journal={NIPS},
  volume={16},
  year={2003}
}

@inproceedings{ruiz2018augment,
  title={Augment and Reduce: Stochastic Inference for Large Categorical Distributions},
  author={Ruiz, Francisco JR and Titsias, Michalis K and Dieng, Adji B and Blei, David M},
  booktitle={ICML},
  year={2018}
}

@article{fagan2018unbiased,
  title={Unbiased scalable softmax optimization},
  author={Fagan, Francois and Iyengar, Garud},
  journal={arXiv preprint arXiv:1803.08577},
  year={2018}
}

@article{jaynes1957information,
  title={Information theory and statistical mechanics},
  author={Jaynes, Edwin T},
  journal={Physical {R}eview},
  volume={106},
  number={4},
  pages={620},
  year={1957},
  publisher={APS}
}

@article{jaynes1957informationii,
  title={Information theory and statistical mechanics. II},
  author={Jaynes, Edwin T},
  journal={Physical {R}eview},
  volume={108},
  number={2},
  pages={171},
  year={1957},
  publisher={APS}
}

@book{reichl2016modern,
  title={A modern course in statistical physics},
  author={Reichl, Linda E},
  year={2016},
  publisher={John Wiley \& Sons}
}

@book{berger2013statistical,
  title={Statistical decision theory and Bayesian analysis},
  author={Berger, James O},
  year={2013},
  publisher={Springer Science \& Business Media}
}

@article{gao2021simcse,
  title={SimCSE: Simple Contrastive Learning of Sentence Embeddings},
  author={Gao, Tianyu and Yao, Xingcheng and Chen, Danqi},
  journal={arXiv preprint arXiv:2104.08821},
  year={2021}
}

@article{paninski2003estimation,
  title={Estimation of entropy and mutual information},
  author={Paninski, Liam},
  journal={Neural computation},
  volume={15},
  number={6},
  pages={1191--1253},
  year={2003},
  publisher={MIT Press}
}

@article{pluim2003mutual,
  title={Mutual-information-based registration of medical images: a survey},
  author={Pluim, Josien PW and Maintz, JB Antoine and Viergever, Max A},
  journal={IEEE transactions on Medical Imaging},
  volume={22},
  number={8},
  pages={986--1004},
  year={2003},
  publisher={IEEE}
}

@article{battiti1994using,
  title={Using mutual information for selecting features in supervised neural net learning},
  author={Battiti, Roberto},
  journal={IEEE transactions on Neural Networks},
  volume={5},
  number={4},
  pages={537--550},
  year={1994},
  publisher={IEEE}
}

@article{maes1997multimodality,
  title={Multimodality image registration by maximization of mutual information},
  author={Maes, Frederik and Collignon, Andre and Vandermeulen, Dirk and Marchal, Guy and Suetens, Paul},
  journal={IEEE transactions on Medical Imaging},
  volume={16},
  number={2},
  pages={187--198},
  year={1997},
  publisher={IEEE}
}

@article{torkkola2003feature,
  title={Feature extraction by non-parametric mutual information maximization},
  author={Torkkola, Kari},
  journal={Journal of machine learning research},
  year={2003}
}

@article{bengio2013representation,
  title={Representation learning: A review and new perspectives},
  author={Bengio, Yoshua and Courville, Aaron and Vincent, Pascal},
  journal={IEEE transactions on Pattern Analysis and Machine Intelligence},
  volume={35},
  number={8},
  pages={1798--1828},
  year={2013},
  publisher={IEEE}
}

@inproceedings{grover2016node2vec,
  title={node2vec: Scalable feature learning for networks},
  author={Grover, Aditya and Leskovec, Jure},
  booktitle={SIGKDD},
  year={2016}
}

@inproceedings{arjovsky2017towards,
  title={Towards principled methods for training generative adversarial networks},
  author={Arjovsky, Martin and Bottou, L{\'e}on},
  booktitle={ICLR},
  year={2017}
}

@article{radford2021learning,
  title={Learning transferable visual models from natural language supervision},
  author={Radford, Alec and Kim, Jong Wook and Hallacy, Chris and Ramesh, Aditya and Goh, Gabriel and Agarwal, Sandhini and Sastry, Girish and Askell, Amanda and Mishkin, Pamela and Clark, Jack and others},
  journal={arXiv preprint arXiv:2103.00020},
  year={2021}
}


@article{linsker1988self,
  title={Self-organization in a perceptual network},
  author={Linsker, Ralph},
  journal={Computer},
  volume={21},
  number={3},
  pages={105--117},
  year={1988},
  publisher={IEEE}
}

@inproceedings{wen2020mutual,
  title={Mutual information gradient estimation for representation learning},
  author={Wen, Liangjian and Zhou, Yiji and He, Lirong and Zhou, Mingyuan and Xu, Zenglin},
  booktitle={ICLR},
  year={2020}
}

@article{shwartz2017opening,
  title={Opening the black box of deep neural networks via information},
  author={Shwartz-Ziv, Ravid and Tishby, Naftali},
  journal={arXiv preprint arXiv:1703.00810},
  year={2017}
}

@inproceedings{pu2016variational,
  title={Variational autoencoder for deep learning of images, labels and captions},
  author={Pu, Yunchen and Gan, Zhe and Henao, Ricardo and Yuan, Xin and Li, Chunyuan and Stevens, Andrew and Carin, Lawrence},
  booktitle={NIPS},
  year={2016}
}

@article{miyato2018virtual,
  title={Virtual adversarial training: a regularization method for supervised and semi-supervised learning},
  author={Miyato, Takeru and Maeda, Shin-ichi and Koyama, Masanori and Ishii, Shin},
  journal={IEEE transactions on Pattern Analysis and Machine Intelligence},
  volume={41},
  number={8},
  pages={1979--1993},
  year={2018},
  publisher={IEEE}
}

@inproceedings{miyato2016distributional,
  title={Distributional smoothing with virtual adversarial training},
  author={Miyato, Takeru and Maeda, Shin-ichi and Koyama, Masanori and Nakae, Ken and Ishii, Shin},
  booktitle={ICLR},
  year={2016}
}

@inproceedings{kingma2013auto,
  title={Auto-encoding variational {B}ayes},
  author={Kingma, Diederik P and Welling, Max},
  booktitle={ICLR},
  year={2014}
}

@inproceedings{dwork2012fairness,
  title={Fairness through awareness},
  author={Dwork, Cynthia and Hardt, Moritz and Pitassi, Toniann and Reingold, Omer and Zemel, Richard},
  booktitle={Proceedings of the 3rd innovations in theoretical computer science conference},
  year={2012}
}

@inproceedings{song2019learning,
  title={Learning controllable fair representations},
  author={Song, Jiaming and Kalluri, Pratyusha and Grover, Aditya and Zhao, Shengjia and Ermon, Stefano},
  booktitle={AISTATS},
  year={2019}
}

@article{lowy2021fermi,
  title={FERMI: Fair Empirical Risk Minimization via Exponential {R\'enyi} Mutual Information},
  author={Lowy, Andrew and Pavan, Rakesh and Baharlouei, Sina and Razaviyayn, Meisam and Beirami, Ahmad},
  journal={arXiv preprint arXiv:2102.12586},
  year={2021}
}

@inproceedings{zhang2018mitigating,
  title={Mitigating unwanted biases with adversarial learning},
  author={Zhang, Brian Hu and Lemoine, Blake and Mitchell, Margaret},
  booktitle={Proceedings of the 2018 AAAI/ACM Conference on AI, Ethics, and Society},
  pages={335--340},
  year={2018}
}

@inproceedings{hardt2016equality,
  title={Equality of opportunity in supervised learning},
  author={Hardt, Moritz and Price, Eric and Srebro, Nathan},
  booktitle={NIPS},
  year={2016}
}

@misc{aif360-oct-2018,
    title = "{AI Fairness} 360:  An Extensible Toolkit for Detecting, Understanding, and Mitigating Unwanted Algorithmic Bias",
    author = {Rachel K. E. Bellamy and Kuntal Dey and Michael Hind and
	Samuel C. Hoffman and Stephanie Houde and Kalapriya Kannan and
	Pranay Lohia and Jacquelyn Martino and Sameep Mehta and
	Aleksandra Mojsilovic and Seema Nagar and Karthikeyan Natesan Ramamurthy and
	John Richards and Diptikalyan Saha and Prasanna Sattigeri and
	Moninder Singh and Kush R. Varshney and Yunfeng Zhang},
    month = oct,
    year = {2018},
    url = {https://arxiv.org/abs/1810.01943}
}

@misc{asuncion2007uci,
  title={UCI machine learning repository},
  author={Asuncion, Arthur and Newman, David},
  year={2007},
  publisher={Irvine, CA, USA}
}


@inproceedings{kingma2014auto,
  title={Auto-encoding variational {B}ayes},
  author={Kingma, Diederik P and Welling, Max},
  booktitle={ICLR},
  year={2014}
}

@inproceedings{alemi2016deep,
  title={Deep variational information bottleneck},
  author={Alemi, Alexander A and Fischer, Ian and Dillon, Joshua V and Murphy, Kevin},
  booktitle={ICLR},
  year={2016}
}

@inproceedings{ver2013information,
  title={Information-theoretic measures of influence based on content dynamics},
  author={Ver Steeg, Greg and Galstyan, Aram},
  booktitle={Proceedings of the sixth ACM international conference on Web search and data mining},
  pages={3--12},
  year={2013}
}

@article{gao2018demystifying,
  title={Demystifying fixed $ k $-nearest neighbor information estimators},
  author={Gao, Weihao and Oh, Sewoong and Viswanath, Pramod},
  journal={IEEE transactions on Information Theory},
  volume={64},
  number={8},
  pages={5629--5661},
  year={2018},
  publisher={IEEE}
}

@inproceedings{finn2017model,
  title={Model-agnostic meta-learning for fast adaptation of deep networks},
  author={Finn, Chelsea and Abbeel, Pieter and Levine, Sergey},
  booktitle={ICML},
  year={2017}
}

@article{chen2021simpler,
  title={Simpler, faster, stronger: Breaking the log-{K} curse on contrastive learners with flatnce},
  author={Chen, Junya and Gan, Zhe and Li, Xuan and Guo, Qing and Chen, Liqun and Gao, Shuyang and Chung, Tagyoung and Xu, Yi and Zeng, Belinda and Lu, Wenlian and others},
  journal={arXiv preprint arXiv:2107.01152},
  year={2021}
}

@book{allen2008mathematical,
  title={Mathematical epidemiology},
  author={Allen, Linda JS and Brauer, Fred and Van den Driessche, Pauline and Wu, Jianhong},
  volume={1945},
  year={2008},
  publisher={Springer}
}

@article{allen2017primer,
  title={A primer on stochastic epidemic models: Formulation, numerical simulation, and analysis},
  author={Allen, Linda JS},
  journal={Infectious Disease Modelling},
  volume={2},
  number={2},
  pages={128--142},
  year={2017},
  publisher={Elsevier}
}

@article{ivanova2021implicit,
  title={Implicit Deep Adaptive Design: Policy-Based Experimental Design without Likelihoods},
  author={Ivanova, Desislava and Foster, Adam and Kleinegesse, Steven and Gutmann, Michael U and Rainforth, Thomas},
  journal={NeurIPS},
  year={2021}
}

@article{chaloner1995bayesian,
  title={Bayesian experimental design: A review},
  author={Chaloner, Kathryn and Verdinelli, Isabella},
  journal={Statistical Science},
  pages={273--304},
  year={1995},
  publisher={JSTOR}
}


@book{wu2011experiments,
  title={Experiments: planning, analysis, and optimization},
  author={Wu, CF Jeff and Hamada, Michael S},
  volume={552},
  year={2011},
  publisher={John Wiley \& Sons}
}

@inproceedings{hernandez2014predictive,
  title={Predictive entropy search for efficient global optimization of black-box functions},
  author={Hern{\'a}ndez-Lobato, Jos{\'e} Miguel and Hoffman, Matthew W and Ghahramani, Zoubin},
  booktitle={NIPS},
  year={2014}
}

@inproceedings{foster2019variational,
  title={Variational bayesian optimal experimental design},
  author={Foster, Adam and Jankowiak, Martin and Bingham, Eli and Horsfall, Paul and Teh, Yee Whye and Rainforth, Tom and Goodman, Noah},
  booktitle={NeurIPS},
  year={2019}
}

@article{kleinegesse2021gradient,
  title={Gradient-based Bayesian Experimental Design for Implicit Models using Mutual Information Lower Bounds},
  author={Kleinegesse, Steven and Gutmann, Michael U},
  journal={arXiv preprint arXiv:2105.04379},
  year={2021}
}

@inproceedings{foster2020unified,
  title={A unified stochastic gradient approach to designing bayesian-optimal experiments},
  author={Foster, Adam and Jankowiak, Martin and O’Meara, Matthew and Teh, Yee Whye and Rainforth, Tom},
  booktitle={AISTATS},
  year={2020}
}

@inproceedings{foster2021deep,
  title={Deep Adaptive Design: Amortizing Sequential Bayesian Experimental Design},
  author={Foster, Adam and Ivanova, Desi R and Malik, Ilyas and Rainforth, Tom},
  booktitle={ICML},
  year={2021}
}
@article{kleinegesse2021sequential,
  title={Sequential Bayesian experimental design for implicit models via mutual information},
  author={Kleinegesse, Steven and Drovandi, Christopher and Gutmann, Michael U},
  journal={Bayesian Analysis},
  volume={1},
  number={1},
  pages={1--30},
  year={2021},
  publisher={International Society for Bayesian Analysis}
}

@inproceedings{xu2017information,
  title={Information-theoretic analysis of generalization capability of learning algorithms},
  author={Xu, Aolin and Raginsky, Maxim},
  booktitle={NIPS},
  year={2017}
}


@article{anonymous2022metaflo,
  title={Meta-FLO: Principled Simple Fast Few-Shot Learning With Stochastic Prompt Encoding Networks},
  author={Anonymous},
  year={2022}
}

@inproceedings{samo2021inductive,
  title={Inductive Mutual Information Estimation: A Convex Maximum-Entropy Copula Approach},
  author={Samo, Yves-Laurent Kom},
  booktitle={AISTATS},
  year={2021}
}

@inproceedings{brekelmans2021improving,
  title={Improving Mutual Information Estimation with Annealed and Energy-Based Bounds},
  author={Brekelmans, Rob and Huang, Sicong and Ghassemi, Marzyeh and Ver Steeg, Greg and Grosse, Roger Baker and Makhzani, Alireza},
  booktitle={ICLR},
  year={2021}
}

@article{hyvarinen2005estimation,
  title={Estimation of non-normalized statistical models by score matching},
  author={Hyv{\"a}rinen, Aapo},
  journal={Journal of Machine Learning Research},
  volume={6},
  number={Apr},
  pages={695--709},
  year={2005}
}

@article{geyer1994convergence,
  title={On the convergence of Monte Carlo maximum likelihood calculations},
  author={Geyer, Charles J},
  journal={Journal of the Royal Statistical Society: Series B (Methodological)},
  volume={56},
  number={1},
  pages={261--274},
  year={1994},
  publisher={Wiley Online Library}
}

@article{hinton2002training,
  title={Training products of experts by minimizing contrastive divergence},
  author={Hinton, Geoffrey E},
  journal={Neural Computation},
  volume={14},
  number={8},
  pages={1771--1800},
  year={2002},
  publisher={MIT Press}
}

@inproceedings{xu2020theory,
  title={A theory of usable information under computational constraints},
  author={Xu, Yilun and Zhao, Shengjia and Song, Jiaming and Stewart, Russell and Ermon, Stefano},
  booktitle={ICLR},
  year={2020}
}

@article{towns2014xsede,
  title={XSEDE: accelerating scientific discovery},
  author={Towns, John and Cockerill, Timothy and Dahan, Maytal and Foster, Ian and Gaither, Kelly and Grimshaw, Andrew and Hazlewood, Victor and Lathrop, Scott and Lifka, Dave and Peterson, Gregory D and others},
  journal={Computing in science \& engineering},
  volume={16},
  number={5},
  pages={62--74},
  year={2014},
  publisher={IEEE}
}

@inproceedings{lee2022r,
  title={{R\'enyiCL}: Contrastive Representation Learning with Skew R\'enyi Divergence},
  author={Lee, Kyungmin and Shin, Jinwoo},
  booktitle={NeurIPS},
  year={2022}
}

@article{haochen2021provable,
  title={Provable guarantees for self-supervised deep learning with spectral contrastive loss},
  author={HaoChen, Jeff Z and Wei, Colin and Gaidon, Adrien and Ma, Tengyu},
  journal={NeurIPS},
  year={2021}
}

@inproceedings{yuan2022provable,
  title={Provable stochastic optimization for global contrastive learning: Small batch does not harm performance},
  author={Yuan, Zhuoning and Wu, Yuexin and Qiu, Zi-Hao and Du, Xianzhi and Zhang, Lijun and Zhou, Denny and Yang, Tianbao},
  booktitle={ICML},
  year={2022}
}

@inproceedings{zheng2018robust,
  title={A robust approach to sequential information theoretic planning},
  author={Zheng, Sue and Pacheco, Jason and Fisher, John},
  booktitle={ICML},
  year={2018}
}

@article{sreekumar2022neural,
  title={Neural estimation of statistical divergences},
  author={Sreekumar, Sreejith and Goldfeld, Ziv},
  journal={Journal of Machine Learning Research},
  volume={23},
  number={126},
  pages={1--75},
  year={2022}
}