%% This BibTeX bibliography file was created using BibDesk.
%% http://bibdesk.sourceforge.net/

%% Created for Shandian Zhe at 2015-07-20 00:22:09 -0700 

%% Saved with string encoding Unicode (UTF-8) 
@article{snell2017prototypical,
	title={Prototypical networks for few-shot learning},
	author={Snell, Jake and Swersky, Kevin and Zemel, Richard},
	journal={Advances in neural information processing systems},
	volume={30},
	year={2017}
}
@inproceedings{domke2012generic,
	title={Generic methods for optimization-based modeling},
	author={Domke, Justin},
	booktitle={Artificial Intelligence and Statistics},
	pages={318--326},
	year={2012},
	organization={PMLR}
}

@inproceedings{sung2018learning,
	title={Learning to compare: Relation network for few-shot learning},
	author={Sung, Flood and Yang, Yongxin and Zhang, Li and Xiang, Tao and Torr, Philip HS and Hospedales, Timothy M},
	booktitle={Proceedings of the IEEE conference on computer vision and pattern recognition},
	pages={1199--1208},
	year={2018}
}

@article{vinyals2016matching,
  title={Matching networks for one shot learning},
  author={Vinyals, Oriol and Blundell, Charles and Lillicrap, Timothy and Kavukcuoglu, Koray and Wierstra, Daan},
  journal={arXiv preprint arXiv:1606.04080},
  year={2016}
}
@inproceedings{santoro2016meta,
	title={Meta-learning with memory-augmented neural networks},
	author={Santoro, Adam and Bartunov, Sergey and Botvinick, Matthew and Wierstra, Daan and Lillicrap, Timothy},
	booktitle={International conference on machine learning},
	pages={1842--1850},
	year={2016},
	organization={PMLR}
}


@inproceedings{lee2019meta,
	title={Meta-learning with differentiable convex optimization},
	author={Lee, Kwonjoon and Maji, Subhransu and Ravichandran, Avinash and Soatto, Stefano},
	booktitle={Proceedings of the IEEE/CVF Conference on Computer Vision and Pattern Recognition},
	pages={10657--10665},
	year={2019}
}
@article{bengio2000gradient,
	title={Gradient-based optimization of hyperparameters},
	author={Bengio, Yoshua},
	journal={Neural computation},
	volume={12},
	number={8},
	pages={1889--1900},
	year={2000},
	publisher={MIT Press One Rogers Street, Cambridge, MA 02142-1209, USA}
}
@article{baydin2014automatic,
	title={Automatic differentiation of algorithms for machine learning},
	author={Baydin, Atilim Gunes and Pearlmutter, Barak A},
	journal={arXiv preprint arXiv:1404.7456},
	year={2014}
}
@article{chen2018neural,
	title={Neural ordinary differential equations},
	author={Chen, Ricky TQ and Rubanova, Yulia and Bettencourt, Jesse and Duvenaud, David K},
	journal={Advances in neural information processing systems},
	volume={31},
	year={2018}
}
@article{eichmeir2021adjoint,
	title={The adjoint method for time-optimal control problems},
	author={Eichmeir, Philipp and Lau{\ss}, Thomas and Oberpeilsteiner, Stefan and Nachbagauer, Karin and Steiner, Wolfgang},
	journal={Journal of Computational and Nonlinear Dynamics},
	volume={16},
	number={2},
	year={2021},
	publisher={American Society of Mechanical Engineers Digital Collection}
}


@article{goldberg2001eigentaste,
	title={Eigentaste: A constant time collaborative filtering algorithm},
	author={Goldberg, Ken and Roeder, Theresa and Gupta, Dhruv and Perkins, Chris},
	journal={information retrieval},
	volume={4},
	number={2},
	pages={133--151},
	year={2001},
	publisher={Springer}
}
@article{shampine1986some,
	title={Some practical runge-kutta formulas},
	author={Shampine, Lawrence F},
	journal={Mathematics of computation},
	volume={46},
	number={173},
	pages={135--150},
	year={1986}
}

@book{pontryagin1987mathematical,
	title={Mathematical theory of optimal processes},
	author={Pontryagin, Lev Semenovich},
	year={1987},
	publisher={CRC press}
}

@article{denevi2020advantage,
	title={The Advantage of Conditional Meta-Learning for Biased Regularization and Fine Tuning},
	author={Denevi, Giulia and Pontil, Massimiliano and Ciliberto, Carlo},
	journal={Advances in Neural Information Processing Systems},
	volume={33},
	year={2020}
}



article{denevi2020advantage,
	title={The Advantage of Conditional Meta-Learning for Biased Regularization and Fine Tuning},
	author={Denevi, Giulia and Pontil, Massimiliano and Ciliberto, Carlo},
	journal={Advances in Neural Information Processing Systems},
	volume={33},
	year={2020}
}

@book{ascher1998computer,
	title={Computer methods for ordinary differential equations and differential-algebraic equations},
	author={Ascher, Uri M and Petzold, Linda R},
	volume={61},
	year={1998},
	publisher={Siam}
}


@article{dormand1980family,
	title={A family of embedded Runge-Kutta formulae},
	author={Dormand, John R and Prince, Peter J},
	journal={Journal of computational and applied mathematics},
	volume={6},
	number={1},
	pages={19--26},
	year={1980},
	publisher={Elsevier}
}


@article{paszke2019pytorch,
	title={Pytorch: An imperative style, high-performance deep learning library},
	author={Paszke, Adam and Gross, Sam and Massa, Francisco and Lerer, Adam and Bradbury, James and Chanan, Gregory and Killeen, Trevor and Lin, Zeming and Gimelshein, Natalia and Antiga, Luca and others},
	journal={arXiv preprint arXiv:1912.01703},
	year={2019}
}
@inproceedings{liu2019taming,
	title={Taming maml: Efficient unbiased meta-reinforcement learning},
	author={Liu, Hao and Socher, Richard and Xiong, Caiming},
	booktitle={International Conference on Machine Learning},
	pages={4061--4071},
	year={2019},
	organization={PMLR}
}
@article{denevi2021conditional,
	title={Conditional meta-learning of linear representations},
	author={Denevi, Giulia and Pontil, Massimiliano and Ciliberto, Carlo},
	journal={arXiv preprint arXiv:2103.16277},
	year={2021}
}
@article{wang2020structured,
	title={Structured Prediction for Conditional Meta-Learning},
	author={Wang, Ruohan and Demiris, Yiannis and Ciliberto, Carlo},
	journal={Advances in Neural Information Processing Systems},
	volume={33},
	year={2020}
}



@article{nichol2018first,
	title={On first-order meta-learning algorithms},
	author={Nichol, Alex and Achiam, Joshua and Schulman, John},
	journal={arXiv preprint arXiv:1803.02999},
	year={2018}
}

@inproceedings{xu2021meta,
	title={Meta Learning in the Continuous Time Limit},
	author={Xu, Ruitu and Chen, Lin and Karbasi, Amin},
	booktitle={International Conference on Artificial Intelligence and Statistics},
	pages={3052--3060},
	year={2021},
	organization={PMLR}
}

@article{im2019model,
	title={Model-Agnostic Meta-Learning using Runge-Kutta Methods},
	author={Im, Daniel Jiwoong and Jiang, Yibo and Verma, Nakul},
	journal={arXiv preprint arXiv:1910.07368},
	year={2019}
}

@inproceedings{song2020maml,
	title={ES-MAML: Simple Hessian-Free Meta Learning},
	author={Song, Xingyou and Gao, Wenbo and Yang, Yuxiang and Choromanski, Krzysztof and Pacchiano, Aldo and Tang, Yunhao},
	booktitle={ICLR},
	year={2020}
}




@article{raissi2019physics,
	title={Physics-informed neural networks: A deep learning framework for solving forward and inverse problems involving nonlinear partial differential equations},
	author={Raissi, Maziar and Perdikaris, Paris and Karniadakis, George E},
	journal={Journal of Computational Physics},
	volume={378},
	pages={686--707},
	year={2019},
	publisher={Elsevier}
}
@article{stephan2017stochastic,
	title={Stochastic Gradient Descent as Approximate Bayesian Inference},
	author={Stephan, M and Hoffman, Matthew D and Blei, David M and others},
	journal={Journal of Machine Learning Research},
	volume={18},
	number={134},
	pages={1--35},
	year={2017}
}

article{nichol2018first,
	title={On first-order meta-learning algorithms},
	author={Nichol, Alex and Achiam, Joshua and Schulman, John},
	journal={arXiv preprint arXiv:1803.02999},
	year={2018}
}

@inproceedings{yoon2018bayesian,
	title={Bayesian model-agnostic meta-learning},
	author={Yoon, Jaesik and Kim, Taesup and Dia, Ousmane and Kim, Sungwoong and Bengio, Yoshua and Ahn, Sungjin},
	booktitle={Proceedings of the 32nd International Conference on Neural Information Processing Systems},
	pages={7343--7353},
	year={2018}
}

@inproceedings{grant2018recasting,
	title={Recasting gradient-based meta-learning as hierarchical {B}ayes},
	author={Grant, Erin and Finn, Chelsea and Levine, Sergey and Darrell, Trevor and Griffiths, Thomas},
	booktitle={6th International Conference on Learning Representations, ICLR 2018},
	year={2018}
}
@article{laplace1986memoir,
	title={Memoir on the probability of the causes of events},
	author={Laplace, Pierre Simon},
	journal={Statistical science},
	volume={1},
	number={3},
	pages={364--378},
	year={1986},
	publisher={JSTOR}
}
@article{mackay1992evidence,
	title={The evidence framework applied to classification networks},
	author={MacKay, David JC},
	journal={Neural computation},
	volume={4},
	number={5},
	pages={720--736},
	year={1992},
	publisher={MIT Press}
}
@article{mackay1992practical,
	title={A practical Bayesian framework for backpropagation networks},
	author={MacKay, David JC},
	journal={Neural computation},
	volume={4},
	number={3},
	pages={448--472},
	year={1992},
	publisher={MIT Press}
}

@article{rajeswaran2019meta,
	title={Meta-Learning with Implicit Gradients},
	author={Rajeswaran, Aravind and Finn, Chelsea and Kakade, Sham and Levine, Sergey},
	journal={Advances in neural information processing systems},
	year={2019}
}


@article{hospedales2020meta,
	title={Meta-learning in neural networks: A survey},
	author={Hospedales, Timothy and Antoniou, Antreas and Micaelli, Paul and Storkey, Amos},
	journal={arXiv preprint arXiv:2004.05439},
	year={2020}
}

@inproceedings{finn2017model,
  title={Model-agnostic meta-learning for fast adaptation of deep networks},
  author={Finn, Chelsea and Abbeel, Pieter and Levine, Sergey},
  booktitle={International Conference on Machine Learning},
  pages={1126--1135},
  year={2017},
  organization={PMLR}
}


@article{finn2018probabilistic,
  title={Probabilistic model-agnostic meta-learning},
  author={Finn, Chelsea and Xu, Kelvin and Levine, Sergey},
  journal={arXiv preprint arXiv:1806.02817},
  year={2018}
}
@article{uhlenbeck1930theory,
	title={On the theory of the Brownian motion},
	author={Uhlenbeck, George E and Ornstein, Leonard S},
	journal={Physical review},
	volume={36},
	number={5},
	pages={823},
	year={1930},
	publisher={APS}
}

@inproceedings{liu2016stein,
	title={Stein Variational Gradient Descent: A General Purpose Bayesian Inference Algorithm},
	author={Liu, Qiang and Wang, Dilin},
	booktitle={NIPS},
	year={2016}
}

@article{wenzel2020good,
  title={How good is the bayes posterior in deep neural networks really?},
  author={Wenzel, Florian and Roth, Kevin and Veeling, Bastiaan S and {\'S}wi{\k{a}}tkowski, Jakub and Tran, Linh and Mandt, Stephan and Snoek, Jasper and Salimans, Tim and Jenatton, Rodolphe and Nowozin, Sebastian},
  journal={arXiv preprint arXiv:2002.02405},
  year={2020}
}

%% This BibTeX bibliography file was created using BibDesk.
%% http://bibdesk.sourceforge.net/


%% Created for Shandian Zhe at 2015-07-20 00:22:09 -0700 


%% Saved with string encoding Unicode (UTF-8) 
@inproceedings{du2016recurrent,
	title={Recurrent marked temporal point processes: Embedding event history to vector},
	author={Du, Nan and Dai, Hanjun and Trivedi, Rakshit and Upadhyay, Utkarsh and Gomez-Rodriguez, Manuel and Song, Le},
	booktitle={Proceedings of the 22nd ACM SIGKDD International Conference on Knowledge Discovery and Data Mining},
	pages={1555--1564},
	year={2016}
}

@inproceedings{omi2019fully,
	title={Fully neural network based model for general temporal point processes},
	author={Omi, Takahiro and Aihara, Kazuyuki and others},
	booktitle={Advances in Neural Information Processing Systems},
	pages={2122--2132},
	year={2019}
}

@inproceedings{shchur2019intensity,
	title={Intensity-Free Learning of Temporal Point Processes},
	author={Shchur, Oleksandr and Bilo{\v{s}}, Marin and G{\"u}nnemann, Stephan},
	booktitle={International Conference on Learning Representations},
	year={2019}
}

@article{daley2003introduction,
	title={An introduction to the theory of point processes, volume 1: Elementary theory and methods},
	author={Daley, Daryl J and Vere-Jones, David},
	journal={Verlag New York Berlin Heidelberg: Springer},
	year={2003}
}


@inproceedings{zhang2020self,
	title={Self-attentive hawkes process},
	author={Zhang, Qiang and Lipani, Aldo and Kirnap, Omer and Yilmaz, Emine},
	booktitle={International Conference on Machine Learning},
	pages={11183--11193},
	year={2020},
	organization={PMLR}
}

@inproceedings{tran2018regularizing,
	title={Regularizing matrix factorization with user and item embeddings for recommendation},
	author={Tran, Thanh and Lee, Kyumin and Liao, Yiming and Lee, Dongwon},
	booktitle={Proceedings of the 27th ACM International Conference on Information and Knowledge Management},
	pages={687--696},
	year={2018}
}
@inproceedings{pan2019warm,
	title={Warm Up Cold-start Advertisements: Improving CTR Predictions via Learning to Learn ID Embeddings},
	author={Pan, Feiyang and Li, Shuokai and Ao, Xiang and Tang, Pingzhong and He, Qing},
	booktitle={Proceedings of the 42nd International ACM SIGIR Conference on Research and Development in Information Retrieval},
	pages={695--704},
	year={2019}
}


@article{jang2016categorical,
	title={Categorical reparameterization with gumbel-softmax},
	author={Jang, Eric and Gu, Shixiang and Poole, Ben},
	journal={arXiv preprint arXiv:1611.01144},
	year={2016}
}
@article{chen2018stochastic,
	title={Stochastic gradient descent with biased but consistent gradient estimators},
	author={Chen, Jie and Luss, Ronny},
	journal={arXiv preprint arXiv:1807.11880},
	year={2018}
}
@inproceedings{abadi2016tensorflow,
	title={Tensorflow: {A} system for large-scale machine learning},
	author={Abadi, Mart{\'\i}n and Barham, Paul and Chen, Jianmin and Chen, Zhifeng and Davis, Andy and Dean, Jeffrey and Devin, Matthieu and Ghemawat, Sanjay and Irving, Geoffrey and Isard, Michael and others},
	booktitle={12th $\{$USENIX$\}$ Symposium on Operating Systems Design and Implementation ($\{$OSDI$\}$ 16)},
	pages={265--283},
	year={2016}
}
@inproceedings{zhao2015seismic,
	title={SEISMIC: A Self-Exciting Point Process Model for Predicting Tweet Popularity},
	author={Zhao, Qingyuan and Erdogdu, Murat A and He, Hera Y and Rajaraman, Anand and Leskovec, Jure},
	booktitle={Proceedings of the 21th ACM SIGKDD International Conference on Knowledge Discovery and Data Mining},
	pages={1513--1522},
	year={2015},
	organization={ACM}
}

@inproceedings{mei2017neural,
	title={The neural hawkes process: A neurally self-modulating multivariate point process},
	author={Mei, Hongyuan and Eisner, Jason M},
	booktitle={Advances in Neural Information Processing Systems},
	pages={6754--6764},
	year={2017}
}
@inproceedings{yang2017online,
	title={Online learning for multivariate Hawkes processes},
	author={Yang, Yingxiang and Etesami, Jalal and He, Niao and Kiyavash, Negar},
	booktitle={Advances in Neural Information Processing Systems},
	pages={4937--4946},
	year={2017}
}



@article{maddison2016concrete,
	title={The concrete distribution: A continuous relaxation of discrete random variables},
	author={Maddison, Chris J and Mnih, Andriy and Teh, Yee Whye},
	journal={arXiv preprint arXiv:1611.00712},
	year={2016}
}

@inproceedings{zhe2018stochastic,
	title={Stochastic Nonparametric Event-Tensor Decomposition},
	author={Zhe, Shandian and Du, Yishuai},
	booktitle={Advances in Neural Information Processing Systems},
	pages={6856--6866},
	year={2018}
}

@article{matheron1982pour,
	title={Pour une analyse krigeante des donn{\'e}es r{\'e}gionalis{\'e}es},
	author={Matheron, G},
	journal={Centre de G{\'e}ostatistique, Report N-732, Fontainebleau},
	year={1982}
}
@article{goulard1992linear,
	title={Linear coregionalization model: tools for estimation and choice of cross-variogram matrix},
	author={Goulard, Michel and Voltz, Marc},
	journal={Mathematical Geology},
	volume={24},
	number={3},
	pages={269--286},
	year={1992},
	publisher={Springer}
}

@article{kingma2013auto,
	title={Auto-encoding variational bayes},
	author={Kingma, Diederik P and Welling, Max},
	journal={arXiv preprint arXiv:1312.6114},
	year={2013}
}
@article{kingma2014adam,
	title={Adam: A method for stochastic optimization},
	author={Kingma, Diederik P and Ba, Jimmy},
	journal={arXiv preprint arXiv:1412.6980},
	year={2014}
}

@inproceedings{zhe2019scalable,
	title={Scalable High-Order Gaussian Process Regression},
	author={Zhe, Shandian and Xing, Wei and Kirby, Robert M},
	booktitle={The 22nd International Conference on Artificial Intelligence and Statistics},
	pages={2611--2620},
	year={2019}
}

@book{journel1978mining,
	title={Mining geostatistics},
	author={Journel, Andre G and Huijbregts, Charles J},
	volume={600},
	year={1978},
	publisher={Academic press London}
}

@inproceedings{damianou2013deep,
	title={Deep gaussian processes},
	author={Damianou, Andreas and Lawrence, Neil},
	booktitle={Artificial Intelligence and Statistics},
	pages={207--215},
	year={2013}
}
@article{perdikaris2017nonlinear,
	title={Nonlinear information fusion algorithms for data-efficient multi-fidelity modelling},
	author={Perdikaris, Paris and Raissi, Maziar and Damianou, Andreas and Lawrence, ND and Karniadakis, George Em},
	journal={Proceedings of the Royal Society A: Mathematical, Physical and Engineering Sciences},
	volume={473},
	number={2198},
	pages={20160751},
	year={2017},
	publisher={The Royal Society Publishing}
}
@article{cutajar2019deep,
	title={Deep Gaussian Processes for Multi-fidelity Modeling},
	author={Cutajar, Kurt and Pullin, Mark and Damianou, Andreas and Lawrence, Neil and Gonz{\'a}lez, Javier},
	journal={arXiv preprint arXiv:1903.07320},
	year={2019}
}
@article{kennedy2000predicting,
	title={Predicting the output from a complex computer code when fast approximations are available},
	author={Kennedy, Marc C and O'Hagan, Anthony},
	journal={Biometrika},
	volume={87},
	number={1},
	pages={1--13},
	year={2000},
	publisher={Oxford University Press}
}
@article{chorin1968numerical,
	title={Numerical solution of the Navier-Stokes equations},
	author={Chorin, Alexandre Joel},
	journal={Mathematics of computation},
	volume={22},
	number={104},
	pages={745--762},
	year={1968}
}
@article{sigmund1997design,
	title={On the design of compliant mechanisms using topology optimization},
	author={Sigmund, Ole},
	journal={Journal of Structural Mechanics},
	volume={25},
	number={4},
	pages={493--524},
	year={1997},
	publisher={Taylor \& Francis}
}

@inproceedings{seeger2003fast,
	title={Fast forward selection to speed up sparse {G}aussian process regression},
	author={Seeger, Matthias and Williams, Christopher and Lawrence, Neil},
	booktitle={Proceedings of the Ninth International Workshop on Artificial Intelligence and Statistics},
	year={2003}
}
@inproceedings{schwaighofer2003transductive,
	author={Anton Schwaighofer and Volker Tresp},
	title={Transductive and inductive methods for approximate {G}aussian process regression},
	booktitle={Advances in Neural Information Processing Systems 15},
	year={2003},
	pages={953--960},
	publisher = {MIT Press},
}
@article{bozeman1973numerical,
	title={Numerical study of viscous flow in a cavity},
	author={Bozeman, James D and Dalton, Charles},
	journal={Journal of Computational Physics},
	volume={12},
	number={3},
	pages={348--363},
	year={1973},
	publisher={Elsevier}
}
@inproceedings{bonilla2008multi,
	title={Multi-task Gaussian process prediction},
	author={Bonilla, Edwin V and Chai, Kian M and Williams, Christopher},
	booktitle={Advances in neural information processing systems},
	pages={153--160},
	year={2008}
}
@inproceedings{wilson2015kernel,
	title={Kernel interpolation for scalable structured Gaussian processes (KISS-GP)},
	author={Wilson, Andrew and Nickisch, Hannes},
	booktitle={International Conference on Machine Learning},
	pages={1775--1784},
	year={2015}
}
@inproceedings{izmailov2018scalable,
	title={Scalable Gaussian Processes with Billions of Inducing Inputs via Tensor Train Decomposition},
	author={Izmailov, Pavel and Novikov, Alexander and Kropotov, Dmitry},
	booktitle={International Conference on Artificial Intelligence and Statistics},
	pages={726--735},
	year={2018}
}
@article{de2008decompositions,
	title={Decompositions of a higher-order tensor in block terms?Part II: Definitions and uniqueness},
	author={De Lathauwer, Lieven},
	journal={SIAM Journal on Matrix Analysis and Applications},
	volume={30},
	number={3},
	pages={1033--1066},
	year={2008},
	publisher={SIAM}
}
@article{oseledets2011tensor,
	title={Tensor-train decomposition},
	author={Oseledets, Ivan V},
	journal={SIAM Journal on Scientific Computing},
	volume={33},
	number={5},
	pages={2295--2317},
	year={2011},
	publisher={SIAM}
}
@inproceedings{yang2017tensor,
	title={Tensor-Train Recurrent Neural Networks for Video Classification},
	author={Yang, Yinchong and Krompass, Denis and Tresp, Volker},
	booktitle={International Conference on Machine Learning},
	pages={3891--3900},
	year={2017}
}

@inproceedings{ye2018learning,
	title={Learning compact recurrent neural networks with block-term tensor decomposition},
	author={Ye, Jinmian and Wang, Linnan and Li, Guangxi and Chen, Di and Zhe, Shandian and Chu, Xinqi and Xu, Zenglin},
	booktitle={Proceedings of 2018 IEEE international conference on computer vision and pattern recognition. Google Scholar},
	year={2018}
}

@inproceedings{novikov2015tensorizing,
	title={Tensorizing neural networks},
	author={Novikov, Alexander and Podoprikhin, Dmitrii and Osokin, Anton and Vetrov, Dmitry P},
	booktitle={Advances in Neural Information Processing Systems},
	pages={442--450},
	year={2015}
}

@inproceedings{teh2005semiparametric,
	title={Semiparametric Latent Factor Models},
	author={Teh, Yee-Whye and Seeger, Matthias and Jordan, Michael},
	booktitle={Artificial Intelligence and Statistics 10},
	number={EPFL-CONF-161317},
	year={2005}
}

@inproceedings{alvarez2010efficient,
	title={Efficient multioutput Gaussian processes through variational inducing kernels},
	author={{\'A}lvarez, Mauricio and Luengo, David and Titsias, Michalis and Lawrence, Neil},
	booktitle={Proceedings of the Thirteenth International Conference on Artificial Intelligence and Statistics},
	pages={25--32},
	year={2010}
}

@inproceedings{GPSVI13,
	Author = {Hensman, James and Fusi, Nicolo and Lawrence, Neil D},
	Booktitle = {Proceedings of the Conference on Uncertainty in Artificial Intelligence (UAI)},
	Title = {Gaussian Processes for Big Data},
	Year = {2013}
}

@inproceedings{dai2014gaussian,
	title={{G}aussian Process Models with Parallelization and {GPU} acceleration},
	author={Zhenwen Dai and Andreas Damianou and James Hensman and Neil D. Lawrence},
	booktitle={NIPS Workshop on Software Engineering for Machine Learning},
	year={2014},
}

@inproceedings{hoang2016a,
	author={Trong Nghia Hoang and Quang Minh Hoang and Bryan Kian Hsiang Low},
	title={A Distributed Variational Inference Framework for Unifying Parallel Sparse {G}aussian Process Regression Models},
	booktitle={Proceedings of the 33rd International Conference on Machine Learning},
	year={2016},
	pages={382--391},
}

@inproceedings{peng2017asynchronous,
	title={Asynchronous Distributed Variational Gaussian Process for Regression},
	author={Peng, Hao and Zhe, Shandian and Zhang, Xiao and Qi, Yuan},
	booktitle={International Conference on Machine Learning},
	pages={2788--2797},
	year={2017}
}

@article{keshavarzzadeh2018parametric,
	title={Parametric Topology Optimization with Multi-Resolution Finite Element Models},
	author={Keshavarzzadeh, Vahid and Kirby, Robert M and Narayan, Akil},
	journal={arXiv preprint arXiv:1808.10367},
	year={2018}
}

@article{balasubramanian2002isomap,
	title={The isomap algorithm and topological stability},
	author={Balasubramanian, Mukund and Schwartz, Eric L},
	journal={Science},
	volume={295},
	number={5552},
	pages={7--7},
	year={2002},
	publisher={American Association for the Advancement of Science}
} 
@article{scholkopf1998nonlinear,
	title={Nonlinear component analysis as a kernel eigenvalue problem},
	author={Sch{\"o}lkopf, Bernhard and Smola, Alexander and M{\"u}ller, Klaus-Robert},
	journal={Neural computation},
	volume={10},
	number={5},
	pages={1299--1319},
	year={1998},
	publisher={MIT Press}
}
@book{kolda2006multilinear,
	title={Multilinear operators for higher-order decompositions},
	author={Kolda, Tamara Gibson},
	volume={2},
	year={2006},
	publisher={United States. Department of Energy}
}
@article{higdon2008computer,
	title={Computer model calibration using high-dimensional output},
	author={Higdon, Dave and Gattiker, James and Williams, Brian and Rightley, Maria},
	journal={Journal of the American Statistical Association},
	volume={103},
	number={482},
	pages={570--583},
	year={2008},
	publisher={Taylor \& Francis}
}
@book{morton2005numerical,
	title={Numerical solution of partial differential equations: an introduction},
	author={Morton, Keith W and Mayers, David Francis},
	year={2005},
	publisher={Cambridge university press}
}
@inproceedings{xing2015reduced,
	title={Reduced dimensional Gaussian process emulators of parametrized partial differential equations based on Isomap},
	author={Xing, Wei and Shah, Akeel A and Nair, Prasanth B},
	booktitle={Proceedings of the Royal Society of London A: Mathematical, Physical and Engineering Sciences},
	volume={471},
	number={2174},
	pages={20140697},
	year={2015},
	organization={The Royal Society}
}
@article{xing2016manifold,
	title={Manifold learning for the emulation of spatial fields from computational models},
	author={Xing, WW and Triantafyllidis, V and Shah, AA and Nair, PB and Zabaras, Nicholas},
	journal={Journal of Computational Physics},
	volume={326},
	pages={666--690},
	year={2016},
	publisher={Elsevier}
}
@inproceedings{alvarez2009sparse,
	title={Sparse convolved Gaussian processes for multi-output regression},
	author={Alvarez, Mauricio and Lawrence, Neil D},
	booktitle={Advances in neural information processing systems},
	pages={57--64},
	year={2009}
}

@inproceedings{boyle2005dependent,
	title={Dependent gaussian processes},
	author={Boyle, Phillip and Frean, Marcus},
	booktitle={Advances in neural information processing systems},
	pages={217--224},
	year={2005}
}
@incollection{higdon2002space,
	title={Space and space-time modeling using process convolutions},
	author={Higdon, Dave},
	booktitle={Quantitative methods for current environmental issues},
	pages={37--56},
	year={2002},
	publisher={Springer}
}
@book{zienkiewicz1977finite,
	title={The finite element method},
	author={Zienkiewicz, Olgierd Cecil and Taylor, Robert Leroy and Zienkiewicz, Olgierd Cecil and Taylor, Robert Lee},
	volume={36},
	year={1977},
	publisher={McGraw-hill London}
}
@book{mitchell1980finite,
	title={The finite difference method in partial differential equations},
	author={Mitchell, Andrew Ronald and Griffiths, David Francis},
	number={BOOK},
	year={1980},
	publisher={John Wiley}
}
@book{mockus2012bayesian,
	title={Bayesian approach to global optimization: theory and applications},
	author={Mockus, Jonas},
	volume={37},
	year={2012},
	publisher={Springer Science \& Business Media}
}
@inproceedings{lawrence2009non,
	title={Non-linear matrix factorization with Gaussian processes},
	author={Lawrence, Neil D and Urtasun, Raquel},
	booktitle={Proceedings of the 26th Annual International Conference on Machine Learning},
	pages={601--608},
	year={2009},
	organization={ACM}
}
@inproceedings{snoek2012practical,
	title={Practical bayesian optimization of machine learning algorithms},
	author={Snoek, Jasper and Larochelle, Hugo and Adams, Ryan P},
	booktitle={Advances in neural information processing systems},
	pages={2951--2959},
	year={2012}
}
@article{kim2016collaborative,
	title={Collaborative Filtering with Side Information: a Gaussian Process Perspective},
	author={Kim, Hyunjik and Lu, Xiaoyu and Flaxman, Seth and Teh, Yee Whye},
	journal={arXiv preprint arXiv:1605.07025},
	year={2016}
}
@inproceedings{lu2015surpassing,
	title={Surpassing Human-Level Face Verification Performance on LFW with GaussianFace.},
	author={Lu, Chaochao and Tang, Xiaoou},
	booktitle={AAAI},
	pages={3811--3819},
	year={2015}
}
@inproceedings{dubois2010modeling,
	title={Modeling relational events via latent classes},
	author={DuBois, Christopher and Smyth, Padhraic},
	booktitle={Proceedings of the 16th ACM SIGKDD international conference on Knowledge discovery and data mining},
	pages={803--812},
	year={2010},
	organization={ACM}
}
@article{dubois2013hierarchical,
	title={Hierarchical models for relational event sequences},
	author={DuBois, Christopher and Butts, Carter T and McFarland, Daniel and Smyth, Padhraic},
	journal={Journal of Mathematical Psychology},
	volume={57},
	number={6},
	pages={297--309},
	year={2013},
	publisher={Elsevier}
}

@inproceedings{carlson2010toward,
	Author = {Carlson, Andrew and Betteridge, Justin and Kisiel, Bryan and Settles, Burr and Hruschka Jr, Estevam R and Mitchell, Tom M},
	Booktitle = {AAAI},
	Date-Added = {2015-07-20 06:37:01 +0000},
	Date-Modified = {2015-07-20 06:37:01 +0000},
	Pages = {3},
	Title = {Toward an Architecture for Never-Ending Language Learning.},
	Volume = {5},
	Year = {2010}}

@inproceedings{zaharia2010spark,
	Author = {Zaharia, Matei and Chowdhury, Mosharaf and Franklin, Michael J and Shenker, Scott and Stoica, Ion},
	Booktitle = {Proceedings of the 2nd USENIX conference on Hot topics in cloud computing},
	Date-Added = {2015-06-25 22:41:15 +0000},
	Date-Modified = {2015-06-25 22:41:15 +0000},
	Pages = {10},
	Title = {Spark: cluster computing with working sets},
	Volume = {10},
	Year = {2010}}

@inproceedings{zhe2015scalable,
	Author = {Zhe, Shandian and Xu, Zenglin and Chu, Xinqi and Qi, Yuan and Park, Youngja},
	Booktitle = {Proceedings of the Eighteenth International Conference on Artificial Intelligence and Statistics},
	Date-Added = {2015-06-25 22:04:53 +0000},
	Date-Modified = {2015-06-25 22:04:53 +0000},
	Pages = {1125--1134},
	Title = {Scalable nonparametric multiway data analysis},
	Year = {2015}}

@article{zhe2013dintucker,
	Author = {Zhe, Shandian and Qi, Yuan and Park, Youngja and Molloy, Ian and Chari, Suresh},
	Date-Added = {2015-06-25 22:03:53 +0000},
	Date-Modified = {2015-06-25 22:03:53 +0000},
	Journal = {arXiv preprint arXiv:1311.2663},
	Title = {DinTucker: Scaling up Gaussian process models on multidimensional arrays with billions of elements},
	Year = {2013}}

@article{boyd2011admm,
	Author = {Boyd, Stephen and Parikh, Neal and Chu, Eric and Peleato, Borja and Eckstein, Jonathan},
	Journal = {Foundations and Trends{\textregistered} in Machine Learning},
	Number = {1},
	Pages = {1--122},
	Publisher = {Now Publishers Inc.},
	Title = {Distributed optimization and statistical learning via the alternating direction method of multipliers},
	Volume = {3},
	Year = {2011}}

@article{tresp2000BCM,
	Author = {Tresp, Volker},
	Journal = {Neural Computation},
	Number = {11},
	Pages = {2719--2741},
	Publisher = {MIT Press},
	Title = {A Bayesian committee machine},
	Volume = {12},
	Year = {2000}}

@article{rasmussen2002infinite,
	Author = {Rasmussen, Carl Edward and Ghahramani, Zoubin},
	Journal = {Advances in neural information processing systems},
	Pages = {881--888},
	Publisher = {MIT; 1998},
	Title = {Infinite mixtures of Gaussian process experts},
	Volume = {2},
	Year = {2002}}

@inproceedings{kang2012gigatensor,
	Author = {Kang, U and Papalexakis, Evangelos and Harpale, Abhay and Faloutsos, Christos},
	Booktitle = {Proceedings of the 18th ACM SIGKDD international conference on Knowledge discovery and data mining},
	Organization = {ACM},
	Pages = {316--324},
	Title = {Gigatensor: scaling tensor analysis up by 100 times-algorithms and discoveries},
	Year = {2012}}

@inproceedings{XuYQ12,
	Author = {Zenglin Xu and Feng Yan and Yuan Qi},
	Booktitle = {Proceedings of the 29th International Conference on Machine Learning (ICML)},
	Title = {Infinite {T}ucker Decomposition: Nonparametric {B}ayesian Models for Multiway Data Analysis},
	Year = {2012}}

@inproceedings{ShashuaH05,
	Author = {Amnon Shashua and Tamir Hazan},
	Booktitle = {Proceedings of the 22th International Conference on Machine Learning (ICML)},
	Pages = {792-799},
	Title = {Non-negative tensor factorization with applications to statistics and computer vision},
	Year = {2005}}

@article{Aldous81,
	Author = {D.J. Aldous},
	Journal = {Journal of Multivariate Analysis},
	Number = {4},
	Pages = {581--598},
	Title = {Representations for partially exchangeable arrays of random variables},
	Volume = {11},
	Year = {1981}}

@article{Airoldi08MMSB,
	Author = {Airoldi, Edoardo M. and Blei, David M. and Fienberg, Stephen E. and Xing, Eric P.},
	Journal = {J. Mach. Learn. Res.},
	Month = {June},
	Pages = {1981--2014},
	Title = {Mixed Membership Stochastic Blockmodels},
	Volume = {9},
	Year = {2008}}

@inproceedings{Hoff07Eigen,
	Author = {Peter Hoff},
	Bibsource = {DBLP, http://dblp.uni-trier.de},
	Booktitle = {Advances in Neural Information Processing Systems 20},
	Crossref = {DBLP:conf/nips/2007},
	Ee = {http://books.nips.cc/papers/files/nips20/NIPS2007_0587.pdf},
	Title = {Modeling homophily and stochastic equivalence in symmetric relational data},
	Year = {2007}}

@book{Gupta00matdist,
	Author = {Arjun K. Gupta and D. K. Nagar},
	Publisher = {CRC Press},
	Title = {Matrix variate distributions},
	Year = {2000}}

@article{Lee99nmf,
	Author = {D. D. Lee and H. S. Seung},
	Journal = {Nature},
	Number = {6755},
	Pages = {788--791},
	Title = {Learning the parts of objects by non-negative matrix factorization},
	Volume = {401},
	Year = {1999}}

@inproceedings{Lawrence09NMF,
	Author = {Lawrence, Neil D. and Urtasun, Raquel},
	Booktitle = {Proceedings of the 26th Annual International Conference on Machine Learning},
	Numpages = {8},
	Pages = {601--608},
	Series = {ICML '09},
	Title = {Non-linear matrix factorization with Gaussian processes},
	Year = {2009}}

@inproceedings{YuTY07TP,
	Author = {Shipeng Yu and Volker Tresp and Kai Yu},
	Booktitle = {ICML'07: Proceedings of the Twenty-Fourth International Conference on Machine Learning},
	Pages = {1103-1110},
	Title = {Robust multi-task learning with {\emph{t}}-processes},
	Year = {2007}}

@article{Zhang10tp,
	Author = {Yu Zhang and Dit-Yan Yeung},
	Journal = {JMLR W{\&}CP},
	Pages = {964-971},
	Title = {Multi-Task Learning using Generalized {\emph{t}}-Process},
	Volume = {9},
	Year = {2010}}

@inproceedings{Yu07SRM,
	Author = {Kai Yu and Wei Chu and Shipeng Yu and Volker Tresp and Zhao Xu},
	Booktitle = {Advances in Neural Information Processing Systems},
	Title = {Stochastic relational models for discriminative link prediction},
	Year = {2007}}

@article{Hoff01latentspace,
	Author = {Peter D. Hoff and Adrian E. Raftery and Mark S. Handcock and Mark S. H},
	Journal = {Journal of the American Statistical Association},
	Pages = {1090--1098},
	Title = {Latent Space Approaches to Social Network Analysis},
	Volume = {97},
	Year = {2001}}

@techreport{Kemp04discoveringlatent,
	Author = {Charles Kemp and Thomas L. Griffiths and Joshua B. Tenenbaum},
	Institution = {MIT},
	Number = {AI Memo 2004-019},
	Title = {Discovering latent classes in relational data},
	Year = {2004}}

@article{Snijders97blockmodel,
	Author = {Tom A.B. Snijders and Krzysztof Nowicki},
	Journal = {Journal of Classification},
	Number = {1},
	Pages = {75-100},
	Title = {Estimation and Prediction for Stochastic Blockmodels for Graphs with Latent Block Structure},
	Volume = {14},
	Year = {1997}}

@inproceedings{wilson2016deep,
	title={Deep kernel learning},
	author={Wilson, Andrew Gordon and Hu, Zhiting and Salakhutdinov, Ruslan and Xing, Eric P},
	booktitle={Artificial intelligence and statistics},
	pages={370--378},
	year={2016}
}

@article{hochreiter1997long,
	title={Long short-term memory},
	author={Hochreiter, Sepp and Schmidhuber, J{\"u}rgen},
	journal={Neural computation},
	volume={9},
	number={8},
	pages={1735--1780},
	year={1997},
	publisher={MIT Press}
}

@book{Rasmussen06GP,
	Author = {Carl Edward Rasmussen and Christopher K. I. Williams},
	Publisher = {MIT Press},
	Title = {Gaussian Processes for Machine Learning},
	Year = {2006}}

@article{ecolidata05,
	Author = {Butland, Gareth and Peregrin-Alvarez, Jose M. and Li, Joyce and Yang, Wehong and Yang, Xiaochun and Canadien, Veronica and Starostine, Andrei and Richards, Dawn and Beattie, Bryan and Krogan, Nevan and Davey, Michael and Parkinson, John and Greenblatt, Jack and Emili, Andrew},
	Journal = {Nature},
	Keywords = {biological, interaction, network, protein},
	Number = {7025},
	Pages = {531--537},
	Title = {{Interaction network containing conserved and essential protein complexes in Escherichia coli.}},
	Volume = {433},
	Year = {2005}}

@inproceedings{Xu06rm,
	Author = {Zhao Xu and Volker Tresp and Kai Yu and Hans-Peter Kriegel},
	Booktitle = {Proceedings of the 22nd Conference on Uncertainty in Artificial Intelligence (UAI 2006)},
	Title = {Infinite Hidden Relational Models},
	Year = {2006}}

@inproceedings{Tang08modnet,
	Author = {Tang, Lei and Liu, Huan and Zhang, Jianping and Nazeri, Zohreh},
	Booktitle = {KDD '08: Proceeding of the 14th ACM SIGKDD international conference on Knowledge discovery and data mining},
	Pages = {677--685},
	Title = {Community evolution in dynamic multi-mode networks},
	Year = {2008}}

@article{Kolda09TensorReview,
	Author = {Tamara G. Kolda and Brett W. Bader},
	Journal = {SIAM Review},
	Month = {September},
	Number = {3},
	Pages = {455--500},
	Title = {Tensor Decompositions and Applications},
	Volume = {51},
	Year = {2009}}

@article{Lathauwer00HOSVD,
	Author = {Lieven De Lathauwer and Bart De Moor and Joos Vandewalle},
	Journal = {SIAM J. Matrix Anal. Appl},
	Pages = {1253--1278},
	Title = {A multilinear singular value decomposition},
	Volume = {21},
	Year = {2000}}

@article{Harshman70parafac,
	Author = {R. A. Harshman},
	Journal = {UCLA Working Papers in Phonetics},
	Pages = {1--84},
	Title = {Foundations of the {PARAFAC} procedure: Model and conditions for an''explanatory''multi-mode factor analysis},
	Volume = {16},
	Year = {1970}}

@inproceedings{Xiong10bptf,
	Author = {Liang Xiong, Xi Chen, Tzu-Kuo Huang, Jeff Schneider, Jaime G. Carbonell},
	Booktitle = {Proceedings of SDM},
	Title = {Temporal Collaborative Filtering with Bayesian Probabilistic Tensor Factorization},
	Year = {2010}}

@article{Chu09ptucker,
	Author = {Wei Chu and Zoubin Ghahramani},
	Journal = {AISTATS},
	Title = {Probabilistic Models for Incomplete Multi-dimensional Arrays},
	Year = {2009}}

@article{Tipping99PPCA,
	Author = {Michael E. Tipping and Christopher M. Bishop},
	Journal = {Journal of The Royal Statistical Society Series B-statistical Methodology},
	Pages = {611--622},
	Title = {Probabilistic Principal Component Analysis},
	Volume = {61},
	Year = {1999}}

@inproceedings{Yu09CF,
	Author = {Yu, Kai and Lafferty, John and Zhu, Shenghuo and Gong, Yihong},
	Booktitle = {Proceedings of the 26th ICML},
	Pages = {1185--1192},
	Series = {ICML '09},
	Title = {Large-scale collaborative prediction using a nonparametric random effects model},
	Year = {2009}}

@incollection{Bonilla08multitask,
	Author = {Edwin Bonilla and Kian Ming Chai and Chris Williams},
	Booktitle = {Advances in Neural Information Processing Systems 20},
	Title = {Multi-task {G}aussian Process Prediction},
	Year = {2008}}

@article{Zhang10multitask,
	Author = {Yu Zhang and Dit-Yan Yeung},
	Journal = {AISTATS},
	Pages = {964-971},
	Title = {Multi-Task Learning using Generalized t Process},
	Volume = {9},
	Year = {2010}}

@inproceedings{KimChoi07NTD,
	Author = {Yong-Deok Kim and Seungjin Choi},
	Booktitle = {Computer Vision and Pattern Recognition, 2007. CVPR '07. IEEE Conference on},
	Pages = {1 -8},
	Title = {Nonnegative {T}ucker Decomposition},
	Year = {2007}}

@inproceedings{Porteous08MultiHDP,
	Author = {Ian Porteous and Evgeniy Bart and Max Welling},
	Booktitle = {AAAI},
	Title = {Multi-{HDP}: A Non-Parametric {B}ayesian Model for Tensor Factorization},
	Year = {2008}}

@article{Albert_Chib_1993Probit,
	Author = {Albert, James H and Chib, Siddhartha},
	Journal = {Journal of the American Statistical Association},
	Pages = {669-679},
	Publisher = {American Statistical Association},
	Title = {{B}ayesian Analysis of Binary and Polychotomous Response Data},
	Volume = {88},
	Year = {1993}}

@incollection{Lawrence05semi,
	Author = {Neil D. {Lawrence} and Michael I. {Jordan}},
	Booktitle = {Advances in Neural Information Processing Systems 17},
	Title = {Semi-supervised Learning via Gaussian Processes},
	Year = {2005}}

@article{Tucker66,
	Author = {Tucker, Ledyard},
	Issue = {3},
	Journal = {Psychometrika},
	Pages = {279-311},
	Publisher = {Springer New York},
	Title = {Some mathematical notes on three-mode factor analysis},
	Volume = {31},
	Year = {1966}}

@book{Bishop07PRML,
	Author = {Bishop, Christopher M.},
	Publisher = {Springer},
	Title = {{Pattern Recognition and Machine Learning}},
	Year = {2007}}

@phdthesis{Schmidt10,
	Author = {Mark Schmidt},
	School = {UBC},
	Title = {Graphical Model Structure Learning with L1-Regularization},
	Year = {2010}}

@inproceedings{Yu07tmultitask,
	Author = {Yu, Shipeng and Tresp, Volker and Yu, Kai},
	Booktitle = {Proceedings of the 24th ICML},
	Series = {ICML '07},
	Title = {Robust multi-task learning with t-processes},
	Year = {2007}}

@inproceedings{SunKDD06,
	Author = {Jimeng Sun and Dacheng Tao and Christos Faloutsos},
	Booktitle = {KDD' 06},
	Title = {Beyond Streams and Graphs: Dynamic Tensor Analysis},
	Year = {2006}}

@article{Hoff11multiway,
	Author = {Peter D. Hoff},
	Journal = {Computational Statistics \& Data Analysis},
	Pages = {530--543},
	Title = {Hierarchical multilinear models for multiway data},
	Volume = {55},
	Year = {2011}}

@article{Acar11missing,
	Author = {E. Acar and D. M. Dunlavy and T. G. Kolda and M. M{\o}rup},
	Journal = {Chemometrics and Intelligent Laboratory Systems},
	Number = {1},
	Pages = {41--56},
	Title = {Scalable Tensor Factorizations for Incomplete Data},
	Volume = {106},
	Year = {2011}}

@inproceedings{Lin09Metafac,
	Author = {Lin, Yu-Ru and Sun, Jimeng and Castro, Paul and Konuru, Ravi and Sundaram, Hari and Kelliher, Aisling},
	Booktitle = {KDD},
	Pages = {527--536},
	Title = {MetaFac: community discovery via relational hypergraph factorization},
	Year = {2009}}

@inproceedings{Zhang2009tensor,
	Author = {Zhang, Yin and Roughan, Matthew and Willinger, Walter and Qiu, Lili},
	Booktitle = {SIGCOMM},
	Numpages = {12},
	Pages = {267--278},
	Title = {Spatio-temporal compressive sensing and internet traffic matrices},
	Year = {2009}}

@inproceedings{sun09multivis,
	Author = {Jimeng Sun and Spiros Papadimitriou and Ching-Yung Lin and Nan Cao and Shixia Liu and Weihong Qian},
	Booktitle = {SDM},
	Pages = {1063-1074},
	Title = {MultiVis: Content-Based Social Network Exploration through Multi-way Visual Analysis.},
	Year = {2009}}

@article{Yu2011HOPCA,
	Author = {Yu, Shipeng and Bi, Jinbo and Ye, Jieping},
	Issue = {3},
	Journal = {Data Min. Knowl. Discov.},
	Pages = {372--392},
	Title = {Matrix-variate and higher-order probabilistic projections},
	Volume = {22},
	Year = {2011}}

@incollection{Yan11SMGB,
	Author = {Feng Yan and Zenglin Xu and Yuan Qi},
	Booktitle = {UAI},
	Pages = {745-752},
	Title = {Sparse matrix-variate Gaussian process blockmodels for network modeling},
	Year = {2011}}

@inproceedings{Lauritzen07randomgraph,
	Author = {Steffen L. Lauritzen},
	Booktitle = {Bruno de Finetti Centenary Conference},
	Title = {Exchangeable Rasch Matrices},
	Year = {2006}}

@inproceedings{BishopTipping00,
	Author = {C.M. Bishop and M. E. Tipping},
	Booktitle = {Proceedings of the 16th Conference in Uncertainty in Artificial Intelligence (UAI)},
	Title = {Variational relevance vector machines},
	Year = {2000}}

@incollection{ArcBach09,
	Author = {C\'{e}dric Archambeau and Francis Bach},
	Booktitle = {Advances in Neural Information Processing Systems 21},
	Title = {Sparse probabilistic projections},
	Year = {2009}}

@inproceedings{Rennie05fastmaximum,
	Author = {Jason D. M. Rennie and Nathan Srebro},
	Booktitle = {Proceedings of the 22nd International Conference on Machine Learning (ICML)},
	Pages = {713--719},
	Publisher = {ACM},
	Title = {Fast maximum margin matrix factorization for collaborative prediction},
	Year = {2005}}

@inproceedings{Salakhutdinov08pmf,
	Author = {Ruslan Salakhutdinov and Andriy Mnih},
	Booktitle = {Advances in Neural Information Processing Systems},
	Title = {Probabilistic Matrix Factorization},
	Volume = {20},
	Year = {2008}}

@inproceedings{Sun15TenGraph,
	Author = {Wei Sun and Zhaoran Wang and Han Liu and Guang Cheng},
	Booktitle = {Advances in Neural Information Processing Systems},
	Title = {Non-convex Statistical Optimization for Sparse Tensor Graphical Model},
	Year = {2015}}

@book{Wasserman94snabook,
	Author = {Stanley Wasserman and Katherine Faust},
	Publisher = {Cambridge University Press},
	Title = {Social Network Analysis: Methods and Applications},
	Year = {1994}}

@article{Wang87blockmodel,
	Author = {Yuchung J. Wang and George Y. Wong},
	Journal = {Journal of the American Statistical Association},
	Pages = {8-19},
	Title = {Stochastic Blockmodels for Directed Graphs},
	Volume = {82},
	Year = {1987}}

@book{Scholkopf02,
	Address = {Cambridge, MA},
	Author = {Scholkopf, B. and Smola, A.},
	Publisher = {MIT {P}ress},
	Title = {Learning with Kernels},
	Year = {2002}}

@inproceedings{Zhu08tmodel,
	Author = {Shenghuo Zhu and Kai Yu and Yihong Gong},
	Booktitle = {Advances in Neural Information Processing Systems 20},
	Pages = {1721--1728},
	Title = {Predictive Matrix-Variate t Models},
	Year = {2008}}

@article{yeastdata03,
	Author = {Bu, Dongbo and Zhao, Yi and Cai, Lun and Xue, Hong and Zhu, Xiaopeng and Lu, Hongchao and Zhang, Jingfen and Sun, Shiwei and Ling, Lunjiang and Zhang, Nan and Li, Guojie and Chen, Runsheng},
	Journal = {Nucl. Acids Res.},
	Number = {9},
	Pages = {2443--2450},
	Title = {{Topological structure analysis of the protein-protein interaction network in budding yeast}},
	Volume = {31},
	Year = {2003}}

@inproceedings{MurrayA10_sliceGP,
	Author = {Iain Murray and Ryan Adams},
	Booktitle = {Advances in Neural Information Processing Systems 23},
	Pages = {1732--1740},
	Title = {Slice sampling covariance hyperparameters of latent {G}aussian models},
	Year = {2010}}

@inproceedings{TitsiasLR08samplingGP,
	Author = {Michalis Titsias and Neil D. Lawrence and Magnus Rattray},
	Booktitle = {Advances in Neural Information Processing Systems 21},
	Pages = {1681-1688},
	Title = {Efficient Sampling for {G}aussian Process Inference using Control Variables},
	Year = {2008}}

@inproceedings{Lawrence2009NMF,
	Author = {Lawrence, Neil D. and Urtasun, Raquel},
	Booktitle = {Proceedings of the 26th Annual International Conference on Machine Learning (ICML)},
	Numpages = {8},
	Pages = {601--608},
	Title = {Nonlinear matrix factorization with {G}aussian processes},
	Year = {2009}}

@inproceedings{Snelson06sparsegaussian,
	Author = {Edward Snelson and Zoubin Ghahramani},
	Booktitle = {ADVANCES IN NEURAL INFORMATION PROCESSING SYSTEMS 19},
	Pages = {1257--1264},
	Publisher = {MIT press},
	Title = {Sparse {G}aussian Processes using Pseudo-inputs},
	Year = {2006}}

@article{Ding09IBP,
	Author = {Nan Ding and Yuan Qi and Rongjing Xiang and Ian Molloy and Ninghui Li},
	Journal = {JMLR Workshop and Conference Proceedings (AISTATS)},
	Pages = {169-176},
	Title = {Nonparametric {B}ayesian Matrix Factorization by Power-EP},
	Volume = {9},
	Year = {2010}}

@article{Globerson07CoOccur,
	Author = {Amir Globerson and Gal Chechik and Fernando Pereira and Naftali Tishby},
	Journal = {Journal of Machine Learning Research},
	Pages = {2265-2295},
	Title = {Euclidean Embedding of Co-occurrence Data},
	Volume = {8},
	Year = {2007}}

@inproceedings{Miller09NPlatent,
	Author = {Kurt T. Miller and Thomas L. Griffiths and Michael I. Jordan},
	Booktitle = {ADVANCES IN NEURAL INFORMATION PROCESSING SYSTEMS 22},
	Pages = {1276--1284},
	Title = {Nonparametric Latent Feature Models for Link Prediction},
	Year = {2009}}

@article{Girolami05,
	Author = {Mark Girolami and Simon Rogers},
	Journal = {Neural Computation},
	Pages = {2006},
	Title = {Variational {B}ayesian multinomial probit regression with {G}aussian process priors},
	Volume = {18},
	Year = {2005}}

@article{Chu04ordinal,
	Author = {Wei Chu and Zoubin Ghahramani},
	Journal = {Journal of Machine Learning Research},
	Pages = {2005},
	Title = {{G}aussian processes for ordinal regression},
	Volume = {6},
	Year = {2004}}

@inproceedings{Jordan99VB,
	Author = {Michael I. Jordan},
	Booktitle = {Machine Learning},
	Pages = {183--233},
	Publisher = {MIT Press},
	Title = {An introduction to variational methods for graphical models},
	Year = {1999}}

@techreport{Lawrence06GPLVM,
	Author = {Neil Lawrence},
	Institution = {The University of Sheffield},
	Number = {CS-06-03},
	Title = {The {G}aussian process latent variable model},
	Year = {2006}}

@article{raissi2020hidden,
	title={Hidden fluid mechanics: Learning velocity and pressure fields from flow visualizations},
	author={Raissi, Maziar and Yazdani, Alireza and Karniadakis, George Em},
	journal={Science},
	volume={367},
	number={6481},
	pages={1026--1030},
	year={2020},
	publisher={American Association for the Advancement of Science}
}
@article{sahli2020physics,
	title={Physics-informed neural networks for cardiac activation mapping},
	author={Sahli Costabal, Francisco and Yang, Yibo and Perdikaris, Paris and Hurtado, Daniel E and Kuhl, Ellen},
	journal={Frontiers in Physics},
	volume={8},
	pages={42},
	year={2020},
	publisher={Frontiers}
}

@article{yazdani2020systems,
	title={Systems biology informed deep learning for inferring parameters and hidden dynamics},
	author={Yazdani, Alireza and Lu, Lu and Raissi, Maziar and Karniadakis, George Em},
	journal={PLoS computational biology},
	volume={16},
	number={11},
	pages={e1007575},
	year={2020},
	publisher={Public Library of Science}
}
@article{lu2019deepxde,
	title={DeepXDE: A deep learning library for solving differential equations},
	author={Lu, Lu and Meng, Xuhui and Mao, Zhiping and Karniadakis, George E},
	journal={arXiv preprint arXiv:1907.04502},
	year={2019}
}

@article{allen1979microscopic,
	title={A microscopic theory for antiphase boundary motion and its application to antiphase domain coarsening},
	author={Allen, Samuel M and Cahn, John W},
	journal={Acta metallurgica},
	volume={27},
	number={6},
	pages={1085--1095},
	year={1979},
	publisher={Elsevier}
}
@article{lowengrub1998quasi,
	title={Quasi--incompressible Cahn--Hilliard fluids and topological transitions},
	author={Lowengrub, John and Truskinovsky, Lev},
	journal={Proceedings of the Royal Society of London. Series A: Mathematical, Physical and Engineering Sciences},
	volume={454},
	number={1978},
	pages={2617--2654},
	year={1998},
	publisher={The Royal Society}
}

@article{anderson1998diffuse,
	title={Diffuse-interface methods in fluid mechanics},
	author={Anderson, Daniel M and McFadden, Geoffrey B and Wheeler, Adam A},
	journal={Annual review of fluid mechanics},
	volume={30},
	number={1},
	pages={139--165},
	year={1998},
	publisher={Annual Reviews 4139 El Camino Way, PO Box 10139, Palo Alto, CA 94303-0139, USA}
}
@article{liu2003phase,
	title={A phase field model for the mixture of two incompressible fluids and its approximation by a Fourier-spectral method},
	author={Liu, Chun and Shen, Jie},
	journal={Physica D: Nonlinear Phenomena},
	volume={179},
	number={3-4},
	pages={211--228},
	year={2003},
	publisher={Elsevier}
}
@book{chung2010computational,
	title={Computational fluid dynamics},
	author={Chung, TJ},
	year={2010},
	publisher={Cambridge university press}
}
@article{sugimoto1991burgers,
	title={Burgers equation with a fractional derivative; hereditary effects on nonlinear acoustic waves},
	author={Sugimoto, N},
	journal={Journal of fluid mechanics},
	volume={225},
	pages={631--653},
	year={1991},
	publisher={Cambridge University Press}
}
@article{nagel1996particle,
	title={Particle hopping models and traffic flow theory},
	author={Nagel, Kai},
	journal={Physical review E},
	volume={53},
	number={5},
	pages={4655},
	year={1996},
	publisher={APS}
}
@article{liu1989limited,
	title={On the limited memory BFGS method for large scale optimization},
	author={Liu, Dong C and Nocedal, Jorge},
	journal={Mathematical programming},
	volume={45},
	number={1},
	pages={503--528},
	year={1989},
	publisher={Springer}
}

@incollection{Yu08GPLink,
	Author = {Kai Yu and Wei Chu},
	Booktitle = {Advances in Neural Information Processing Systems 20},
	Title = {{G}aussian Process Models for Link Analysis and Transfer Learning},
	Year = {2008}}

@inproceedings{XuYanQi2011,
	Author = {Zenglin Xu and Feng Yan and Yuan Qi},
	Booktitle = {Proceeding of the 25th AAAI conference on Artificial Intelligence (AAAI)},
	Title = {Sparse Matrix-variate $t$ Process Blockmodels},
	Year = {2011}}

@inproceedings{Kemp06learningsystems,
	Author = {Charles Kemp and Joshua B. Tenenbaum},
	Booktitle = {Proceedings of the 21st AAAI Conference on Artificial Intelligence (AAAI)},
	Title = {Learning systems of concepts with an infinite relational model},
	Year = {2006}}

@inproceedings{LFM09miller,
	Author = {Kurt Miller and Thomas Griffiths and Michael Jordan},
	Booktitle = {Advances in Neural Information Processing Systems 22},
	Editor = {Y. Bengio and D. Schuurmans and J. Lafferty and C. K. I. Williams and A. Culotta},
	Pages = {1276--1284},
	Title = {Nonparametric Latent Feature Models for Link Prediction},
	Year = {2009}}

@inproceedings{ILAM12PalKnoGha,
	Address = {Edinburgh, Scotland, GB},
	Author = {Konstantina Palla and David A. Knowles and Zoubin Ghahramani},
	Booktitle = {Proceedings of the 29th International Conference on Machine Learning (ICML)},
	Title = {An Infinite Latent Attribute Model for Network Data},
	Year = {2012}}

@article{Schaeffer07graphclustering,
	Author = {Satu Elisa Schaeffer},
	Journal = {Computer Science Review},
	Pages = {27--64},
	Title = {Graph clustering},
	Volume = {1},
	Year = {2007}}

@inproceedings{LloydOGR12randomgraph,
	Author = {James Robert Lloyd and Peter Orbanz and Zoubin Ghahramani and Daniel M. Roy},
	Booktitle = {Advances in Neural Information Processing Systems 24},
	Pages = {1007-1015},
	Title = {Random function priors for exchangeable arrays with applications to graphs and relational data},
	Year = {2012}}

@article{MacKay92,
	Author = {MacKay, D. J. C.},
	Journal = {Neural Computation},
	Number = {3},
	Pages = {415-447},
	Title = {{B}ayesian Interpolation},
	Volume = {4},
	Year = {1992}}

@article{ChuGFW05GPOR,
	Author = {W. Chu and Z. Ghahramani},
	Journal = {Journal of Machine Learning Research},
	Pages = {1019-1041},
	Title = {Gaussian processes for ordinal regression},
	Volume = {6},
	Year = {2005}}

@article{Breiman96b,
	Author = {Leo Breiman},
	Journal = {Machine Learning},
	Number = {2},
	Pages = {123-140},
	Title = {Bagging Predictors},
	Volume = {24},
	Year = {1996}}

@article{fushiki2005nonparametric,
	Author = {Fushiki, Tadayoshi and Komaki, Fumiyasu and Aihara, Kazuyuki},
	Journal = {Bernoulli},
	Number = {2},
	Pages = {293--307},
	Title = {Nonparametric bootstrap prediction},
	Volume = {11},
	Year = {2005}}

@book{trevor2001elements,
	Author = {Trevor. Hastie and Robert. Tibshirani and Friedman, J Jerome H},
	Publisher = {Springer New York},
	Title = {The elements of statistical learning},
	Volume = {1},
	Year = {2001}}

@article{furrer2006covariance,
	Author = {Furrer, Reinhard and Genton, Marc G and Nychka, Douglas},
	Journal = {Journal of Computational and Graphical Statistics},
	Number = {3},
	Title = {Covariance tapering for interpolation of large spatial datasets},
	Volume = {15},
	Year = {2006}}

@inproceedings{hughes2013memoized,
	Author = {Hughes, Michael C and Sudderth, Erik},
	Booktitle = {Advances in Neural Information Processing Systems},
	Pages = {1133--1141},
	Title = {Memoized Online Variational Inference for Dirichlet Process Mixture Models},
	Year = {2013}}

@inproceedings{bryant2012truly,
	Author = {Bryant, Michael and Sudderth, Erik B},
	Booktitle = {Advances in Neural Information Processing Systems},
	Pages = {2699--2707},
	Title = {Truly nonparametric online variational inference for hierarchical dirichlet processes},
	Year = {2012}}

@inproceedings{lin2013online,
	Author = {Lin, Dahua},
	Booktitle = {Advances in Neural Information Processing Systems},
	Pages = {395--403},
	Title = {Online Learning of Nonparametric Mixture Models via Sequential Variational Approximation},
	Year = {2013}}

@inproceedings{dunson2012multiresolution,
	Author = {Dunson, David B and Fox, Emily B},
	Booktitle = {Advances in Neural Information Processing Systems},
	Pages = {737--745},
	Title = {Multiresolution gaussian processes},
	Year = {2012}}

@article{gramacy2008bayesian,
	Author = {Gramacy, Robert B and Lee, Herbert KH},
	Journal = {Journal of the American Statistical Association},
	Number = {483},
	Title = {Bayesian treed Gaussian process models with an application to computer modeling},
	Volume = {103},
	Year = {2008}}

@article{kim2005analyzing,
	Author = {Kim, Hyoung-Moon and Mallick, Bani K and Holmes, CC},
	Journal = {Journal of the American Statistical Association},
	Number = {470},
	Pages = {653--668},
	Publisher = {Taylor \& Francis},
	Title = {Analyzing nonstationary spatial data using piecewise Gaussian processes},
	Volume = {100},
	Year = {2005}}

@techreport{Hoff2013TechReport,
	Author = {Peter David Hoff},
	Institution = {Department of Statistics, University of Washington},
	Title = {Equivariant and scale-free {T}ucker decomposition models},
	Year = {2013}}

@article{Hoff2011BA,
	Author = {Hoff, P.D.},
	Eprint = {arXiv:1008.2169},
	Journal = {Bayesian Analysis},
	Pages = {179-196},
	Title = {Separable covariance arrays via the {T}ucker product, with applications to multivariate relational data},
	Url = {http://www.stat.washington.edu/hoff/Code/hoff_2011_ba},
	Volume = {6},
	Year = {2011},
	Bdsk-Url-1 = {http://www.stat.washington.edu/hoff/Code/hoff_2011_ba}}

@inproceedings{wang2011online,
	Author = {Wang, Chong and Paisley, John W and Blei, David M},
	Booktitle = {International Conference on Artificial Intelligence and Statistics},
	Pages = {752--760},
	Title = {Online variational inference for the hierarchical Dirichlet process},
	Year = {2011}}


@article{acar2011scalable,
	Author = {Acar, Evrim and Dunlavy, Daniel M and Kolda, Tamara G and M{\o}rup, Morten},
	Journal = {Chemometrics and Intelligent Laboratory Systems},
	Number = {1},
	Pages = {41--56},
	Publisher = {Elsevier},
	Title = {Scalable tensor factorizations for incomplete data},
	Volume = {106},
	Year = {2011}}

@article{hoff_2011_csda,
	Author = {Hoff, P.D.},
	Eprint = {arXiv:1005.5425},
	Issn = {0167-9473},
	Journal = {Computational Statistics \& Data Analysis},
	Pages = {530--543},
	Publisher = {Elsevier},
	Title = {Hierarchical multilinear models for multiway data},
	Url = {http://www.stat.washington.edu/hoff/Code/hoff_2011_csda},
	Volume = {55},
	Year = {2011},
	Bdsk-Url-1 = {http://www.stat.washington.edu/hoff/Code/hoff_2011_csda}}

@article{YangDunson13Tensor,
	Author = {Yang, Y. and Dunson, D.B.},
	Journal = {Journal of the Royal Statistical Society B, revision submitted},
	Title = {Bayesian conditional tensor factorizations for high-dimensional classification},
	Year = {2013}}

@article{zhou2013bayesian,
	Author = {Zhou, Jing and Bhattacharya, Anirban and Herring, Amy and Dunson, David},
	Journal = {arXiv preprint arXiv:1306.1598},
	Title = {Bayesian factorizations of big sparse tensors},
	Year = {2013}}

@inproceedings{Rai2015Tensor,
	Author = {Rai, Piyush and Wang, Yingjian and Carin, Lawrence},
	Booktitle = {AAAI Conference on Artificial Intelligence},
	Title = {Leveraging Features and Networks for Probabilistic Tensor Decomposition},
	Year = {2015}}

@inproceedings{RaiDunson2014,
	Author = {Piyush Rai and Yingjian Wang and Shengbo Guo and Gary Chen and David Dunson and Lawrence Carin},
	Booktitle = {Proceedings of the 31th International Conference on Machine Learning (ICML)},
	Title = {Scalable {B}ayesian Low-Rank Decomposition of Incomplete Multiway Tensors},
	Year = {2014}}

@inproceedings{choi2014dfacto,
	Author = {Choi, Joon Hee and Vishwanathan, S},
	Booktitle = {Advances in Neural Information Processing Systems},
	Pages = {1296--1304},
	Title = {DFacTo: Distributed Factorization of Tensors},
	Year = {2014}}

@inproceedings{sutskever2009modelling,
	Author = {Sutskever, Ilya and Tenenbaum, Joshua B and Salakhutdinov, Ruslan R},
	Booktitle = {Advances in neural information processing systems},
	Pages = {1821--1828},
	Title = {Modelling relational data using Bayesian clustered tensor factorization},
	Year = {2009}}

@article{xu2013bayesian,
	Author = {Xu, Zenglin and Yan, Feng and Qi, Yuan},
	Publisher = {IEEE Transactions on Pattern Analysis and Machine Intelligence},
	Title = {Bayesian nonparametric models for multiway data analysis},
	Year = {2013}}

@inproceedings{gal2014distributed,
	title={Distributed variational inference in sparse Gaussian process regression and latent variable models},
	author={Gal, Yarin and van der Wilk, Mark and Rasmussen, Carl},
	booktitle={Advances in Neural Information Processing Systems},
	pages={3257--3265},
	year={2014}
}
@inproceedings{hensman2013gaussian,
	title={Gaussian processes for Big data},
	author={Hensman, James and Fusi, Nicol{\`o} and Lawrence, Neil D},
	booktitle={Proceedings of the Twenty-Ninth Conference on Uncertainty in Artificial Intelligence},
	pages={282--290},
	year={2013},
	organization={AUAI Press}
}

@inproceedings{titsias2009variational,
	title={Variational learning of inducing variables in sparse Gaussian processes},
	author={Titsias, Michalis K},
	booktitle={International Conference on Artificial Intelligence and Statistics},
	pages={567--574},
	year={2009}
}

@book{bishop2006pattern,
	title={Pattern recognition and machine learning},
	author={Bishop, Christopher M},
	year={2006},
	publisher={springer}
}
@article{sun2015provable,
	title={Provable Sparse Tensor Decomposition},
	author={Sun, Wei and Lu, Junwei and Liu, Han and Cheng, Guang},
	journal={arXiv preprint arXiv:1502.01425},
	year={2015}
}
@inproceedings{hu2015zero,
	title={Zero-Truncated Poisson Tensor Factorization for Massive Binary Tensors},
	author={Hu, Changwei and Rai, Piyush and Carin, Lawrence},
	booktitle={UAI},
	year={2015}
}
@inproceedings{raiscalable,
	title={Scalable Probabilistic Tensor Factorization for Binary and Count Data},
	author={Rai, Piyush and Hu, Changwei and Harding, Matthew and Carin, Lawrence},
	booktitle={IJCAI},
	year={2015}
}
@article{quinonero2005unifying,
	title={A unifying view of sparse approximate Gaussian process regression},
	author={Qui{\~n}onero-Candela, Joaquin and Rasmussen, Carl Edward},
	journal={The Journal of Machine Learning Research},
	volume={6},
	pages={1939--1959},
	year={2005},
	publisher={JMLR. org}
}
@article{silverman1985some,
	title={Some aspects of the spline smoothing approach to non-parametric regression curve fitting},
	author={Silverman, Bernhard W},
	journal={Journal of the Royal Statistical Society. Series B (Methodological)},
	pages={1--52},
	year={1985},
	publisher={JSTOR}
}
@inproceedings{snelson2005sparse,
	title={Sparse Gaussian processes using pseudo-inputs},
	author={Snelson, Edward and Ghahramani, Zoubin},
	booktitle={Advances in neural information processing systems},
	pages={1257--1264},
	year={2005}
}
@article{lawrence2004gaussian,
	title={Gaussian process latent variable models for visualisation of high dimensional data},
	author={Lawrence, Neil D},
	journal={Advances in neural information processing systems},
	volume={16},
	number={3},
	pages={329--336},
	year={2004},
	publisher={of}
}
@article{davidson2013optimizing,
	title={Optimizing Shuffle Performance in Spark},
	author={Davidson, Aaron and Or, Andrew},
	journal={University of California, Berkeley-Department of Electrical Engineering and Computer Sciences, Tech. Rep},
	year={2013}
}
@inproceedings{zaharia2012resilient,
	title={Resilient distributed datasets: A fault-tolerant abstraction for in-memory cluster computing},
	author={Zaharia, Matei and Chowdhury, Mosharaf and Das, Tathagata and Dave, Ankur and Ma, Justin and McCauley, Murphy and Franklin, Michael J and Shenker, Scott and Stoica, Ion},
	booktitle={Proceedings of the 9th USENIX conference on Networked Systems Design and Implementation},
	pages={2--2},
	year={2012},
	organization={USENIX Association}
}
@article{fruergaard2014predicting,
	title={Predicting clicks in online display advertising with latent features and side-information},
	author={Fruergaard, Bjarne {\O}rum},
	journal={arXiv preprint arXiv:1411.7924},
	year={2014}
}
@inproceedings{agarwal2014laser,
	title={Laser: A scalable response prediction platform for online advertising},
	author={Agarwal, Deepak and Long, Bo and Traupman, Jonathan and Xin, Doris and Zhang, Liang},
	booktitle={Proceedings of the 7th ACM international conference on Web search and data mining},
	pages={173--182},
	year={2014},
	organization={ACM}
}
@inproceedings{he2014practical,
	title={Practical lessons from predicting clicks on ads at facebook},
	author={He, Xinran and Pan, Junfeng and Jin, Ou and Xu, Tianbing and Liu, Bo and Xu, Tao and Shi, Yanxin and Atallah, Antoine and Herbrich, Ralf and Bowers, Stuart and others},
	booktitle={Proceedings of 20th ACM SIGKDD Conference on Knowledge Discovery and Data Mining},
	pages={1--9},
	year={2014},
	organization={ACM}
}
@article{smola2010architecture,
	title={An architecture for parallel topic models},
	author={Smola, Alexander and Narayanamurthy, Shravan},
	journal={Proceedings of the VLDB Endowment},
	volume={3},
	number={1-2},
	pages={703--710},
	year={2010},
	publisher={VLDB Endowment}
}
@inproceedings{smyth2009asynchronous,
	title={Asynchronous distributed learning of topic models},
	author={Smyth, Padhraic and Welling, Max and Asuncion, Arthur U},
	booktitle={Advances in Neural Information Processing Systems},
	pages={81--88},
	year={2009}
}


@inproceedings{Hu2015CountTensor,
	author = {Hu, Changwei and Rai, Piyush and Chen, Changyou and Harding, Matthew and Carin, Lawrence},
	title = {Scalable Bayesian Non-negative Tensor Factorization for Massive Count Data},
	booktitle = {Proceedings, Part II, of the European Conference on Machine Learning and Knowledge Discovery in Databases - Volume 9285},
	series = {ECML PKDD 2015},
	year = {2015},
	isbn = {978-3-319-23524-0},
	location = {Porto, Portugal},
	pages = {53--70},
	numpages = {18},
	url = {http://dx.doi.org/10.1007/978-3-319-23525-7_4},
	doi = {10.1007/978-3-319-23525-7_4},
	acmid = {2991488},
	publisher = {Springer-Verlag New York, Inc.},
	address = {New York, NY, USA},
	keywords = {Bayesian learning, Count data, Latent factor models, Online bayesian inference, Tensor factorization},
} 

@inproceedings{xiong2010temporal,
	title={Temporal collaborative filtering with bayesian probabilistic tensor factorization},
	author={Xiong, Liang and Chen, Xi and Huang, Tzu-Kuo and Schneider, Jeff and Carbonell, Jaime G},
	booktitle={Proceedings of the 2010 SIAM International Conference on Data Mining},
	pages={211--222},
	year={2010},
	organization={SIAM}
}

@inproceedings{schein2015bayesian,
	title={Bayesian poisson tensor factorization for inferring multilateral relations from sparse dyadic event counts},
	author={Schein, Aaron and Paisley, John and Blei, David M and Wallach, Hanna},
	booktitle={Proceedings of the 21th ACM SIGKDD International Conference on Knowledge Discovery and Data Mining},
	pages={1045--1054},
	year={2015},
	organization={ACM}
}

@article{HaPlKo15,  
	author = {Samantha Hansen and Todd Plantenga and Tamara G. Kolda}, 
	title = {Newton-Based Optimization for {Kullback-Leibler} Nonnegative Tensor Factorizations}, 
	journal = {Optimization Methods and Software}, 
	volume = {30}, 
	number = {5}, 
	pages = {1002-1029},
	pagetotal = {28}, 
	month = {April}, 
	year = {2015},
	doi = {10.1080/10556788.2015.1009977},
	eprint = {1304.4964},
}

@inproceedings{zhe2016distributed,
	title={Distributed flexible nonlinear tensor factorization},
	author={Zhe, Shandian and Zhang, Kai and Wang, Pengyuan and Lee, Kuang-chih and Xu, Zenglin and Qi, Yuan and Ghahramani, Zoubin},
	booktitle={Advances in Neural Information Processing Systems},
	pages={928--936},
	year={2016}
}

@inproceedings{linderman2014discovering,
	title={Discovering latent network structure in point process data},
	author={Linderman, Scott and Adams, Ryan},
	booktitle={International Conference on Machine Learning},
	pages={1413--1421},
	year={2014}
}
@inproceedings{tan2016content,
	title={Content-based Modeling of Reciprocal Relationships using Hawkes and Gaussian Processes.},
	author={Tan, Xi and Naqvi, Syed AZ and Alan (Yuan) Qi and Heller, Katherine A and Rao, Vinayak},
	booktitle={UAI},
	year={2016}
}
@inproceedings{yang2017network,
	title={Decoupling Homophily and Reciprocity with Latent Space Network Models},
	author={Yang, Jiasen and Rao, Vinayak and Neville, Jennifer},
	booktitle={UAI},
	year={2017}
}
@inproceedings{blundell2012modelling,
	title={Modelling reciprocating relationships with Hawkes processes},
	author={Blundell, Charles and Beck, Jeff and Heller, Katherine A},
	booktitle={Advances in Neural Information Processing Systems},
	pages={2600--2608},
	year={2012}
}
@inproceedings{he2015hawkestopic,
	title={Hawkestopic: A joint model for network inference and topic modeling from text-based cascades},
	author={He, Xinran and Rekatsinas, Theodoros and Foulds, James and Getoor, Lise and Liu, Yan},
	booktitle={International conference on machine learning},
	pages={871--880},
	year={2015}
}
@inproceedings{du2015dirichlet,
	title={Dirichlet-hawkes processes with applications to clustering continuous-time document streams},
	author={Du, Nan and Farajtabar, Mehrdad and Ahmed, Amr and Smola, Alexander J and Song, Le},
	booktitle={Proceedings of the 21th ACM SIGKDD International Conference on Knowledge Discovery and Data Mining},
	pages={219--228},
	year={2015},
	organization={ACM}
}
@article{linderman2015scalable,
	title={Scalable bayesian inference for excitatory point process networks},
	author={Linderman, Scott W and Adams, Ryan P},
	journal={arXiv preprint arXiv:1507.03228},
	year={2015}
}
@inproceedings{zhou2013learning,
	title={Learning triggering kernels for multi-dimensional hawkes processes},
	author={Zhou, Ke and Zha, Hongyuan and Song, Le},
	booktitle={International Conference on Machine Learning},
	pages={1301--1309},
	year={2013}
}
@article{hawkes1971spectra,
	title={Spectra of some self-exciting and mutually exciting point processes},
	author={Hawkes, Alan G},
	journal={Biometrika},
	volume={58},
	number={1},
	pages={83--90},
	year={1971},
	publisher={Oxford University Press}
}
@inproceedings{riihimaki2010gaussian,
	title={Gaussian processes with monotonicity information},
	author={Riihim{\"a}ki, Jaakko and Vehtari, Aki},
	booktitle={Proceedings of the thirteenth international conference on artificial intelligence and statistics},
	pages={645--652},
	year={2010}
}

@inproceedings{xu2016learning,
	title={Learning granger causality for hawkes processes},
	author={Xu, Hongteng and Farajtabar, Mehrdad and Zha, Hongyuan},
	booktitle={International Conference on Machine Learning},
	pages={1717--1726},
	year={2016}
}
@inproceedings{mavroforakis2017modeling,
	title={Modeling the Dynamics of Learning Activity on the Web},
	author={Mavroforakis, Charalampos and Valera, Isabel and Gomez-Rodriguez, Manuel},
	booktitle={Proceedings of the 26th International Conference on World Wide Web},
	pages={1421--1430},
	year={2017},
	organization={International World Wide Web Conferences Steering Committee}
}
@inproceedings{wang2017predicting,
	title={Predicting user activity level in point processes with mass transport equation},
	author={Wang, Yichen and Ye, Xiaojing and Zha, Hongyuan and Song, Le},
	booktitle={Advances in Neural Information Processing Systems},
	pages={1644--1654},
	year={2017}
}
@article{chi2012tensors,
	title={On tensors, sparsity, and nonnegative factorizations},
	author={Chi, Eric C and Kolda, Tamara G},
	journal={SIAM Journal on Matrix Analysis and Applications},
	volume={33},
	number={4},
	pages={1272--1299},
	year={2012},
	publisher={SIAM}
}
@misc{zeiler12,
	author    = {Matthew D. Zeiler},
	title     = {{ADADELTA:} An Adaptive Learning Rate Method},
	volume    = {arXiv:1212.5701},
	year      = {2012},
}
@article{xu2017thap,
	title={THAP: A Matlab Toolkit for Learning with Hawkes Processes},
	author={Xu, Hongteng and Zha, Hongyuan},
	journal={arXiv preprint arXiv:1708.09252},
	year={2017}
}
@article{de2009management,
	title={Management of stroke-related seizures},
	author={De Reuck, Jacques},
	journal={Acta Neurol Belg},
	volume={109},
	number={4},
	pages={271--6},
	year={2009}
}
@inproceedings{schein2019poisson,
	title={Poisson-randomized gamma dynamical systems},
	author={Schein, Aaron and Linderman, Scott and Zhou, Mingyuan and Blei, David and Wallach, Hanna},
	booktitle={Advances in Neural Information Processing Systems},
	pages={782--793},
	year={2019}
}
@inproceedings{yang2017decoupling,
	title={Decoupling Homophily and Reciprocity with Latent Space Network Models.},
	author={Yang, Jiasen and Rao, Vinayak A and Neville, Jennifer},
	booktitle={UAI},
	year={2017}
}
@inproceedings{xu2018benefits,
	title={Benefits from superposed hawkes processes},
	author={Xu, Hongteng and Luo, Dixin and Chen, Xu and Carin, Lawrence},
	booktitle={International Conference on Artificial Intelligence and Statistics},
	pages={623--631},
	year={2018},
	organization={PMLR}
}
@inproceedings{xu2017dirichlet,
	title={A dirichlet mixture model of hawkes processes for event sequence clustering},
	author={Xu, Hongteng and Zha, Hongyuan},
	booktitle={Advances in Neural Information Processing Systems},
	pages={1354--1363},
	year={2017}
}

@inproceedings{xu2017learning,
	title={Learning Hawkes Processes from Short Doubly-Censored Event Sequences},
	author={Xu, Hongteng and Luo, Dixin and Zha, Hongyuan},
	booktitle={International Conference on Machine Learning},
	pages={3831--3840},
	year={2017}
}

@inproceedings{Schein:2016:BPT:3045390.3045686,
	author = {Schein, Aaron and Zhou, Mingyuan and Blei, David M. and Wallach, Hanna},
	title = {Bayesian Poisson Tucker Decomposition for Learning the Structure of International Relations},
	booktitle = {Proceedings of the 33rd International Conference on International Conference on Machine Learning - Volume 48},
	series = {ICML'16},
	year = {2016},
	location = {New York, NY, USA},
	pages = {2810--2819},
	numpages = {10},
	url = {http://dl.acm.org/citation.cfm?id=3045390.3045686},
	acmid = {3045686},
	publisher = {JMLR.org},
} 
@article{cox1954superposition,
	title={On the superposition of renewal processes},
	author={Cox, DR and Smith, Walter L},
	journal={Biometrika},
	volume={41},
	number={1-2},
	pages={91--99},
	year={1954},
	publisher={Oxford University Press}
}
@article{cinlar1968superposition,
	title={On the superposition of point processes},
	author={Cinlar, Erhan and Agnew, RA},
	journal={Journal of the Royal Statistical Society. Series B (Methodological)},
	pages={576--581},
	year={1968},
	publisher={JSTOR}
}
@inproceedings{NIPS2017_3f5ee243,
	author = {Vaswani, Ashish and Shazeer, Noam and Parmar, Niki and Uszkoreit, Jakob and Jones, Llion and Gomez, Aidan N and Kaiser, \L ukasz and Polosukhin, Illia},
	booktitle = {Advances in Neural Information Processing Systems},
	editor = {I. Guyon and U. V. Luxburg and S. Bengio and H. Wallach and R. Fergus and S. Vishwanathan and R. Garnett},
	pages = {5998--6008},
	publisher = {Curran Associates, Inc.},
	title = {Attention is All you Need},
	url = {https://proceedings.neurips.cc/paper/2017/file/3f5ee243547dee91fbd053c1c4a845aa-Paper.pdf},
	volume = {30},
	year = {2017}
}
@article{bahdanau2014neural,
	title={Neural machine translation by jointly learning to align and translate},
	author={Bahdanau, Dzmitry and Cho, Kyunghyun and Bengio, Yoshua},
	journal={arXiv preprint arXiv:1409.0473},
	year={2014}
}
@article{lewis1979simulation,
	title={Simulation of nonhomogeneous Poisson processes by thinning},
	author={Lewis, PA W and Shedler, Gerald S},
	journal={Naval research logistics quarterly},
	volume={26},
	number={3},
	pages={403--413},
	year={1979},
	publisher={Wiley Online Library}
}

@article{ketchen1996application,
	title={The application of cluster analysis in strategic management research: an analysis and critique},
	author={Ketchen, David J and Shook, Christopher L},
	journal={Strategic management journal},
	volume={17},
	number={6},
	pages={441--458},
	year={1996},
	publisher={Wiley Online Library}
}
@book{daley2007introduction,
	title={An introduction to the theory of point processes: volume II: general theory and structure},
	author={Daley, Daryl J and Vere-Jones, David},
	year={2007},
	publisher={Springer Science \& Business Media}
}

@phdthesis{schmidhuber1987evolutionary,
  title={Evolutionary principles in self-referential learning, or on learning how to learn: the meta-meta-... hook},
  author={Schmidhuber, J{\"u}rgen},
  year={1987},
  school={Technische Universit{\"a}t M{\"u}nchen}
}

@book{thrun2012learning,
  title={Learning to learn},
  author={Thrun, Sebastian and Pratt, Lorien},
  year={2012},
  publisher={Springer Science \& Business Media}
}

@inproceedings{naik1992meta,
  title={Meta-neural networks that learn by learning},
  author={Naik, Devang K and Mammone, Richard J},
  booktitle={[Proceedings 1992] IJCNN International Joint Conference on Neural Networks},
  volume={1},
  pages={437--442},
  year={1992},
  organization={IEEE}
}

@article{oreshkin2018tadam,
  title={Tadam: Task dependent adaptive metric for improved few-shot learning},
  author={Oreshkin, Boris N and Rodriguez, Pau and Lacoste, Alexandre},
  journal={arXiv preprint arXiv:1805.10123},
  year={2018}
}

@inproceedings{allen2019infinite,
  title={Infinite mixture prototypes for few-shot learning},
  author={Allen, Kelsey and Shelhamer, Evan and Shin, Hanul and Tenenbaum, Joshua},
  booktitle={International Conference on Machine Learning},
  pages={232--241},
  year={2019},
  organization={PMLR}
}

@article{andrychowicz2016learning,
  title={Learning to learn by gradient descent by gradient descent},
  author={Andrychowicz, Marcin and Denil, Misha and Gomez, Sergio and Hoffman, Matthew W and Pfau, David and Schaul, Tom and Shillingford, Brendan and De Freitas, Nando},
  journal={arXiv preprint arXiv:1606.04474},
  year={2016}
}

@article{li2016learning,
  title={Learning to optimize},
  author={Li, Ke and Malik, Jitendra},
  journal={arXiv preprint arXiv:1606.01885},
  year={2016}
}

@inproceedings{ravi2016optimization,
	title={Optimization as a model for few-shot learning},
	author={Ravi, Sachin and Larochelle, Hugo},
	booktitle={In International Conference on Learning Representations (ICLR)},
	year={2017}
}

@article{duan2016rl,
  title={Rl2: Fast reinforcement learning via slow reinforcement learning},
  author={Duan, Yan and Schulman, John and Chen, Xi and Bartlett, Peter L and Sutskever, Ilya and Abbeel, Pieter},
  journal={arXiv preprint arXiv:1611.02779},
  year={2016}
}

@article{wang2016learning,
  title={Learning to reinforcement learn},
  author={Wang, Jane X and Kurth-Nelson, Zeb and Tirumala, Dhruva and Soyer, Hubert and Leibo, Joel Z and Munos, Remi and Blundell, Charles and Kumaran, Dharshan and Botvinick, Matt},
  journal={arXiv preprint arXiv:1611.05763},
  year={2016}
}

@inproceedings{munkhdalai2017meta,
  title={Meta networks},
  author={Munkhdalai, Tsendsuren and Yu, Hong},
  booktitle={International Conference on Machine Learning},
  pages={2554--2563},
  year={2017},
  organization={PMLR}
}

@article{mishra2017simple,
  title={A simple neural attentive meta-learner},
  author={Mishra, Nikhil and Rohaninejad, Mostafa and Chen, Xi and Abbeel, Pieter},
  journal={arXiv preprint arXiv:1707.03141},
  year={2017}
}

@inproceedings{koch2015siamese,
  title={Siamese neural networks for one-shot image recognition},
  author={Koch, Gregory and Zemel, Richard and Salakhutdinov, Ruslan},
  booktitle={ICML deep learning workshop},
  volume={2},
  year={2015},
  organization={Lille}
}

@inproceedings{hochreiter2001learning,
  title={Learning to learn using gradient descent},
  author={Hochreiter, Sepp and Younger, A Steven and Conwell, Peter R},
  booktitle={International Conference on Artificial Neural Networks},
  pages={87--94},
  year={2001},
  organization={Springer}
}

@phdthesis{finn2018learning,
  title={Learning to learn with gradients},
  author={Finn, Chelsea},
  year={2018},
  school={UC Berkeley}
}

@article{bertinetto2018meta,
  title={Meta-learning with differentiable closed-form solvers},
  author={Bertinetto, Luca and Henriques, Joao F and Torr, Philip HS and Vedaldi, Andrea},
  journal={arXiv preprint arXiv:1805.08136},
  year={2018}
}

@inproceedings{zintgraf2019fast,
  title={Fast context adaptation via meta-learning},
  author={Zintgraf, Luisa and Shiarli, Kyriacos and Kurin, Vitaly and Hofmann, Katja and Whiteson, Shimon},
  booktitle={International Conference on Machine Learning},
  pages={7693--7702},
  year={2019},
  organization={PMLR}
}

@article{li2017meta,
  title={Meta-sgd: Learning to learn quickly for few-shot learning},
  author={Li, Zhenguo and Zhou, Fengwei and Chen, Fei and Li, Hang},
  journal={arXiv preprint arXiv:1707.09835},
  year={2017}
}

@article{zhou2018deep,
  title={Deep meta-learning: Learning to learn in the concept space},
  author={Zhou, Fengwei and Wu, Bin and Li, Zhenguo},
  journal={arXiv preprint arXiv:1802.03596},
  year={2018}
}

@inproceedings{harrison2018meta,
  title={Meta-learning priors for efficient online bayesian regression},
  author={Harrison, James and Sharma, Apoorva and Pavone, Marco},
  booktitle={International Workshop on the Algorithmic Foundations of Robotics},
  pages={318--337},
  year={2018},
  organization={Springer}
}

@article{rusu2018meta,
  title={Meta-learning with latent embedding optimization},
  author={Rusu, Andrei A and Rao, Dushyant and Sygnowski, Jakub and Vinyals, Oriol and Pascanu, Razvan and Osindero, Simon and Hadsell, Raia},
  journal={arXiv preprint arXiv:1807.05960},
  year={2018}
}

@article{triantafillou2019meta,
  title={Meta-dataset: A dataset of datasets for learning to learn from few examples},
  author={Triantafillou, Eleni and Zhu, Tyler and Dumoulin, Vincent and Lamblin, Pascal and Evci, Utku and Xu, Kelvin and Goroshin, Ross and Gelada, Carles and Swersky, Kevin and Manzagol, Pierre-Antoine and others},
  journal={arXiv preprint arXiv:1903.03096},
  year={2019}
}

@inproceedings{lake2011one,
  title={One shot learning of simple visual concepts},
  author={Lake, Brenden and Salakhutdinov, Ruslan and Gross, Jason and Tenenbaum, Joshua},
  booktitle={Proceedings of the annual meeting of the cognitive science society},
  volume={33},
  year={2011}
}
























