@INPROCEEDINGS{seijen2009,
  author={H. {van Seijen} and H. {van Hasselt} and S. {Whiteson} and M. {Wiering}},
  booktitle={2009 IEEE Symposium on Adaptive Dynamic Programming and Reinforcement Learning},
  title={A theoretical and empirical analysis of Expected Sarsa},
  year={2009},
  pages={177-184},
  doi={10.1109/ADPRL.2009.4927542},
  ISSN={2325-1867},
  month={March},
}

@inproceedings{xie2015edge,
  title={Edge-weighted personalized pagerank: Breaking a decade-old performance barrier},
  author={Xie, Wenlei and Bindel, David and Demers, Alan and Gehrke, Johannes},
  booktitle={Proceedings of the 21th ACM SIGKDD International Conference on Knowledge Discovery and Data Mining},
  pages={1325--1334},
  year={2015},
  organization={ACM}
}

@inproceedings{backstrom2011supervised,
  title={Supervised random walks: predicting and recommending links in social networks},
  author={Backstrom, Lars and Leskovec, Jure},
  booktitle={Proceedings of the fourth ACM international conference on Web search and data mining},
  pages={635--644},
  year={2011},
  organization={ACM}
}

@book{golub2012matrix,
  title={Matrix computations},
  author={Golub, Gene H and Van Loan, Charles F},
  volume={3},
  year={2012},
  publisher={JHU Press}
}

@inproceedings{xin2013graphx,
  title={Graphx: A resilient distributed graph system on spark},
  author={Xin, Reynold S and Gonzalez, Joseph E and Franklin, Michael J and Stoica, Ion},
  booktitle={First International Workshop on Graph Data Management Experiences and Systems},
  pages={2},
  year={2013},
  organization={ACM}
}

@article{meng2016mllib,
  title={Mllib: Machine learning in apache spark},
  author={Meng, Xiangrui and Bradley, Joseph and Yavuz, Burak and Sparks, Evan and Venkataraman, Shivaram and Liu, Davies and Freeman, Jeremy and Tsai, DB and Amde, Manish and Owen, Sean and others},
  journal={Journal of Machine Learning Research},
  volume={17},
  number={34},
  pages={1--7},
  year={2016}
}

@inproceedings{jeh2003scaling,
  title={Scaling personalized web search},
  author={Jeh, Glen and Widom, Jennifer},
  booktitle={Proceedings of the 12th international conference on World Wide Web},
  pages={271--279},
  year={2003},
  organization={ACM}
}

@inproceedings{haveliwala2002topic,
  title={Topic-sensitive pagerank},
  author={Haveliwala, Taher H},
  booktitle={Proceedings of the 11th international conference on World Wide Web},
  pages={517--526},
  year={2002},
  organization={ACM}
}

@inproceedings{xing2004weighted,
  title={Weighted pagerank algorithm},
  author={Xing, Wenpu and Ghorbani, Ali},
  booktitle={Communication Networks and Services Research, 2004. Proceedings. Second Annual Conference on},
  pages={305--314},
  year={2004},
  organization={IEEE}
}

@inproceedings{weng2010twitterrank,
  title={Twitterrank: finding topic-sensitive influential twitterers},
  author={Weng, Jianshu and Lim, Ee-Peng and Jiang, Jing and He, Qi},
  booktitle={Proceedings of the third ACM international conference on Web search and data mining},
  pages={261--270},
  year={2010},
  organization={ACM}
}

@inproceedings{nie2005object,
  title={Object-level ranking: bringing order to web objects},
  author={Nie, Zaiqing and Zhang, Yuanzhi and Wen, Ji-Rong and Ma, Wei-Ying},
  booktitle={Proceedings of the 14th international conference on World Wide Web},
  pages={567--574},
  year={2005},
  organization={ACM}
}

@inproceedings{feng2012incorporating,
  title={Incorporating heterogeneous information for personalized tag recommendation in social tagging systems},
  author={Feng, Wei and Wang, Jianyong},
  booktitle={Proceedings of the 18th ACM SIGKDD international conference on Knowledge discovery and data mining},
  pages={1276--1284},
  year={2012},
  organization={ACM}
}

@techreport{page1999pagerank,
  title={The PageRank citation ranking: Bringing order to the web.},
  author={Page, Lawrence and Brin, Sergey and Motwani, Rajeev and Winograd, Terry},
  year={1999},
  institution={Stanford InfoLab}
}

@article{mnih2015human,
  title={Human-level control through deep reinforcement learning},
  author={Mnih, Volodymyr and Kavukcuoglu, Koray and Silver, David and Rusu, Andrei A and Veness, Joel and Bellemare, Marc G and Graves, Alex and Riedmiller, Martin and Fidjeland, Andreas K and Ostrovski, Georg and others},
  journal={Nature},
  volume={518},
  number={7540},
  pages={529--533},
  year={2015},
  publisher={Nature Research}
}

@inproceedings{van2016deep,
  title={Deep Reinforcement Learning with Double Q-Learning.},
  author={Van Hasselt, Hado and Guez, Arthur and Silver, David},
  booktitle={AAAI},
  pages={2094--2100},
  year={2016}
}

@article{xu2017order,
  title={Order dispatching modeling},
  author={Xu, Zhe},
  journal={Internal document},
  year={2017}
}

@article{bello2016neural,
  title={Neural combinatorial optimization with reinforcement learning},
  author={Bello, Irwan and Pham, Hieu and Le, Quoc V and Norouzi, Mohammad and Bengio, Samy},
  journal={arXiv preprint arXiv:1611.09940},
  year={2016}
}

@ARTICLE{2018arXiv180204240N,
   author = {{Nazari}, M. and {Oroojlooy}, A. and {Snyder}, L.~V. and {Tak{\'a}{\v c}}, M.
	},
    title = "{Deep Reinforcement Learning for Solving the Vehicle Routing Problem}",
  journal = {ArXiv e-prints},
archivePrefix = "arXiv",
   eprint = {1802.04240},
 primaryClass = "cs.AI",
 keywords = {Computer Science - Artificial Intelligence, Computer Science - Learning, Statistics - Machine Learning},
     year = 2018,
    month = feb,
   adsurl = {http://adsabs.harvard.edu/abs/2018arXiv180204240N},
  adsnote = {Provided by the SAO/NASA Astrophysics Data System}
}

@article{hu2017solving,
  title={Solving a new 3d bin packing problem with deep reinforcement learning method},
  author={Hu, Haoyuan and Zhang, Xiaodong and Yan, Xiaowei and Wang, Longfei and Xu, Yinghui},
  journal={arXiv preprint arXiv:1708.05930},
  year={2017}
}

@article{vinyals2015order,
  title={Order matters: Sequence to sequence for sets},
  author={Vinyals, Oriol and Bengio, Samy and Kudlur, Manjunath},
  journal={arXiv preprint arXiv:1511.06391},
  year={2015}
}

@book{bertsekas2005dynamic,
  title={Dynamic programming and optimal control},
  author={Bertsekas, Dimitri P and Bertsekas, Dimitri P and Bertsekas, Dimitri P and Bertsekas, Dimitri P},
  volume={1},
  number={3},
  year={2005},
  publisher={Athena scientific Belmont, MA}
}

@inproceedings{bertsekas1995neuro,
  title={Neuro-dynamic programming: an overview},
  author={Bertsekas, Dimitri P and Tsitsiklis, John N},
  booktitle={Proceedings of the 34th IEEE Conference on Decision and Control},
  volume={1},
  pages={560--564},
  year={1995},
  organization={IEEE Publ. Piscataway, NJ}
}

@book{sutton1998reinforcement,
  title={Reinforcement learning: An introduction},
  author={Sutton, Richard S and Barto, Andrew G and others},
  year={1998},
  publisher={MIT press}
}

@book{sutton2018reinforcement,
  title={Reinforcement learning: An introduction},
  author={Sutton, Richard S and Barto, Andrew G},
  year={2018},
  publisher={MIT press}
}


@article{szepesvari2010algorithms,
  title={Algorithms for reinforcement learning},
  author={Szepesv{\'a}ri, Csaba},
  journal={Synthesis lectures on artificial intelligence and machine learning},
  volume={4},
  number={1},
  pages={1--103},
  year={2010},
  publisher={Morgan \& Claypool Publishers}
}

@book{powell2007approximate,
  title={Approximate Dynamic Programming: Solving the curses of dimensionality},
  author={Powell, Warren B},
  volume={703},
  year={2007},
  publisher={John Wiley \& Sons}
}

@book{puterman2014markov,
  title={Markov decision processes: discrete stochastic dynamic programming},
  author={Puterman, Martin L},
  year={2014},
  publisher={John Wiley \& Sons}
}

@article{sutton1988learning,
  title={Learning to predict by the methods of temporal differences},
  author={Sutton, Richard S},
  journal={Machine learning},
  volume={3},
  number={1},
  pages={9--44},
  year={1988},
  publisher={Springer}
}

@article{watkins1992q,
  title={Q-learning},
  author={Watkins, Christopher JCH and Dayan, Peter},
  journal={Machine learning},
  volume={8},
  number={3-4},
  pages={279--292},
  year={1992},
  publisher={Springer}
}

@inproceedings{tsitsiklis1997analysis,
  title={Analysis of temporal-diffference learning with function approximation},
  author={Tsitsiklis, John N and Van Roy, Benjamin},
  booktitle={Advances in neural information processing systems},
  pages={1075--1081},
  year={1997}
}

@inproceedings{van2016deep,
  title={Deep Reinforcement Learning with Double Q-Learning.},
  author={Van Hasselt, Hado and Guez, Arthur and Silver, David},
  booktitle={AAAI},
  volume={2},
  pages={5},
  year={2016},
  organization={Phoenix, AZ}
}

@inproceedings{zhao2016deep,
  title={Deep reinforcement learning with experience replay based on SARSA},
  author={Zhao, Dongbin and Wang, Haitao and Shao, Kun and Zhu, Yuanheng},
  booktitle={Computational Intelligence (SSCI), 2016 IEEE Symposium Series on},
  pages={1--6},
  year={2016},
  organization={IEEE}
}

@article{ganger2016double,
  title={Double Sarsa and Double Expected Sarsa with Shallow and Deep Learning},
  author={Ganger, Michael and Duryea, Ethan and Hu, Wei},
  journal={Journal of Data Analysis and Information Processing},
  volume={4},
  number={04},
  pages={159},
  year={2016},
  publisher={Scientific Research Publishing}
}

@inproceedings{qin2018dispatching,
  title={Deep Reinforcement Learning with Knowledge Transfer for Online Rides Order Dispatching},
  author={Wang, Zhaodong and Qin, Zhiwei and Tang, Xiaocheng and Ye, Jieping and Zhu, Hongtu},
  booktitle={International Conference on Data Mining},
  year={2018},
  organization={IEEE}
}

@article{schaul2015prioritized,
  title={Prioritized experience replay},
  author={Schaul, Tom and Quan, John and Antonoglou, Ioannis and Silver, David},
  journal={arXiv preprint arXiv:1511.05952},
  year={2015}
}

@article{li2017deep,
  title={Deep reinforcement learning: An overview},
  author={Li, Yuxi},
  journal={arXiv preprint arXiv:1701.07274},
  year={2017}
}

@inproceedings{mnih2016asynchronous,
  title={Asynchronous methods for deep reinforcement learning},
  author={Mnih, Volodymyr and Badia, Adria Puigdomenech and Mirza, Mehdi and Graves, Alex and Lillicrap, Timothy and Harley, Tim and Silver, David and Kavukcuoglu, Koray},
  booktitle={International conference on machine learning},
  pages={1928--1937},
  year={2016}
}

@article{lillicrap2015continuous,
  title={Continuous control with deep reinforcement learning},
  author={Lillicrap, Timothy P and Hunt, Jonathan J and Pritzel, Alexander and Heess, Nicolas and Erez, Tom and Tassa, Yuval and Silver, David and Wierstra, Daan},
  journal={arXiv preprint arXiv:1509.02971},
  year={2015}
}

@article{schulman2017proximal,
  title={Proximal policy optimization algorithms},
  author={Schulman, John and Wolski, Filip and Dhariwal, Prafulla and Radford, Alec and Klimov, Oleg},
  journal={arXiv preprint arXiv:1707.06347},
  year={2017}
}

@article{casas2017deep,
  title={Deep Deterministic Policy Gradient for Urban Traffic Light Control},
  author={Casas, Noe},
  journal={arXiv preprint arXiv:1703.09035},
  year={2017}
}

@inproceedings{ritcher2007traffic,
  title={Traffic light scheduling using policy-gradient reinforcement learning},
  author={Ritcher, S},
  booktitle={The International Conference on Automated Planning and Scheduling., ICAPS},
  year={2007}
}

@article{DBLP:journals/corr/abs-1802-05438,
  author    = {Yaodong Yang and
               Rui Luo and
               Minne Li and
               Ming Zhou and
               Weinan Zhang and
               Jun Wang},
  title     = {Mean Field Multi-Agent Reinforcement Learning},
  journal   = {CoRR},
  volume    = {abs/1802.05438},
  year      = {2018},
  url       = {http://arxiv.org/abs/1802.05438},
  archivePrefix = {arXiv},
  eprint    = {1802.05438},
  timestamp = {Mon, 13 Aug 2018 16:47:36 +0200},
  biburl    = {https://dblp.org/rec/bib/journals/corr/abs-1802-05438},
  bibsource = {dblp computer science bibliography, https://dblp.org}
}

@inproceedings{xu2018large,
  title={Large-Scale Order Dispatch in On-Demand Ride-Hailing Platforms: A Learning and Planning Approach},
  author={Xu, Zhe and Li, Zhixin and Guan, Qingwen and Zhang, Dingshui and Li, Qiang and Nan, Junxiao and Liu, Chunyang and Bian, Wei and Ye, Jieping},
  booktitle={Proceedings of the 24th ACM SIGKDD International Conference on Knowledge Discovery \& Data Mining},
  pages={905--913},
  year={2018},
  organization={ACM}
}


@inproceedings{tang2019deep,
  title={A deep value-network based approach for multi-driver order dispatching},
  author={Tang, Xiaocheng and Qin, Zhiwei and Zhang, Fan and Wang, Zhaodong and Xu, Zhe and Ma, Yintai and Zhu, Hongtu and Ye, Jieping},
  booktitle={Proceedings of the 25th ACM SIGKDD international conference on knowledge discovery \& data mining},
  pages={1780--1790},
  year={2019}
}

@article{sutton1999between,
  title={Between MDPs and semi-MDPs: A framework for temporal abstraction in reinforcement learning},
  author={Sutton, Richard S and Precup, Doina and Singh, Satinder},
  journal={Artificial intelligence},
  volume={112},
  number={1-2},
  pages={181--211},
  year={1999},
  publisher={Elsevier}
}


@inproceedings{holler2018deep,
  title={Deep Q-Learning Approaches to Dynamic Multi-Driver Dispatching and Repositioning},
  author={Holler, J. and Qin, Z. and Tang, X. and Jiao, Y. and Jin, T. and Singh, S. and Wang, C. and Ye, J.},
  booktitle={NeurIPS 2018 Deep Reinforcement Learning Workshop},
  year={2018}
}

@INPROCEEDINGS{8594886,
author={Z. {Wang} and Z. {Qin} and X. {Tang} and J. {Ye} and H. {Zhu}},
booktitle={2018 IEEE International Conference on Data Mining (ICDM)},
title={Deep Reinforcement Learning with Knowledge Transfer for Online Rides Order Dispatching},
year={2018},
volume={},
number={},
pages={617-626},
keywords={dispatching;learning (artificial intelligence);Markov processes;optimisation;online rides order dispatching;trip-requesting passengers;deep Q-networks;dispatching agents;real-world spatio-temporal trip data;DiDi ride-sharing platform;large-scale dispatching system;diverse demand-supply settings;knowledge transfer;deep reinforcement learning algorithms;Markov decision process;transfer learning method;optimization;geographical location;Dispatching;Urban areas;Reinforcement learning;Training;Optimization;Knowledge transfer;Learning systems;Ride dispatching, Deep reinforcement learning, Transfer learning, Spatio-temporal mining},
doi={10.1109/ICDM.2018.00077},
ISSN={2374-8486},
month={Nov}
}

@article{albus1971theory,
  title={A theory of cerebellar function},
  author={Albus, James S},
  journal={Mathematical Biosciences},
  volume={10},
  number={1-2},
  pages={25--61},
  year={1971},
  publisher={Elsevier}
}

@inproceedings{li2019efficient,
  title={Efficient Ridesharing Order Dispatching with Mean Field Multi-Agent Reinforcement Learning},
  author={Li, Minne and Qin, Zhiwei and Jiao, Yan and Yang, Yaodong and Gong, Zhichen and Wang, Jun and Wang, Chenxi and Wu, Guobin and Ye, Jieping},
  booktitle={To appear in Proceedings of the 2019 World Wide Web Conference on World Wide Web},
  year={2019},
  organization={International World Wide Web Conferences Steering Committee}
}

@inproceedings{jindal2018optimizing,
  title={Optimizing Taxi Carpool Policies via Reinforcement Learning and Spatio-Temporal Mining},
  author={Jindal, Ishan and Qin, Zhiwei Tony and Chen, Xuewen and Nokleby, Matthew and Ye, Jieping},
  booktitle={2018 IEEE International Conference on Big Data (Big Data)},
  pages={1417--1426},
  year={2018},
  organization={IEEE}
}

@inproceedings{chen2019inbede,
  title={InBEDE: Integrating Contextual Bandit with TD Learning for Joint Pricing and Dispatch of Ride-Hailing Platforms},
  author={Chen, Haipeng and Jiao, Yan and Qin, Zhiwei and Tang, Xiaocheng and Li, Hao and An, Bo and Zhu, Hongtu and Ye, Jieping},
  booktitle={2019 IEEE International Conference on Data Mining (ICDM)},
  pages={61--70},
  year={2019},
  organization={IEEE}
}


@article{kuhn1955hungarian,
  title={The Hungarian method for the assignment problem},
  author={Kuhn, Harold W},
  journal={Naval research logistics quarterly},
  volume={2},
  number={1-2},
  pages={83--97},
  year={1955},
  publisher={Wiley Online Library}
}

@article{yan2020dynamic,
  title={Dynamic pricing and matching in ride-hailing platforms},
  author={Yan, Chiwei and Zhu, Helin and Korolko, Nikita and Woodard, Dawn},
  journal={Naval Research Logistics (NRL)},
  volume={67},
  number={8},
  pages={705--724},
  year={2020},
  publisher={Wiley Online Library}
}

@techreport{baird1993advantage,
  title={Advantage updating},
  author={Baird III, Leemon C},
  year={1993},
  institution={WRIGHT LAB WRIGHT-PATTERSON AFB OH}
}

@inproceedings{zhang2017taxi,
  title={A taxi order dispatch model based on combinatorial optimization},
  author={Zhang, Lingyu and Hu, Tao and Min, Yue and Wu, Guobin and Zhang, Junying and Feng, Pengcheng and Gong, Pinghua and Ye, Jieping},
  booktitle={Proceedings of the 23rd ACM SIGKDD International Conference on Knowledge Discovery and Data Mining},
  pages={2151--2159},
  year={2017},
  organization={ACM}
}

@article{lopes2019fast,
  title={Fast block distributed CUDA implementation of the Hungarian algorithm},
  author={Lopes, Paulo AC and Yadav, Satyendra Singh and Ilic, Aleksandar and Patra, Sarat Kumar},
  journal={Journal of Parallel and Distributed Computing},
  volume={130},
  pages={50--62},
  year={2019},
  publisher={Elsevier}
}

@misc{brodsky2018h3,
  title={H3: Uber?s Hexagonal Hierarchical Spatial Index.  Available online: https://eng.uber.com/
h3/ (accessed on June 26, 2019).},
  author={Brodsky, I},
  year={2018}
}

@article{uher2019hierarchical,
  title={Hierarchical Hexagonal Clustering and Indexing},
  author={Uher, Vojt{\v{e}}ch and Gajdo{\v{s}}, Petr and Sn{\'a}{\v{s}}el, V{\'a}clav and Lai, Yu-Chi and Radeck{\`y}, Michal},
  journal={Symmetry},
  volume={11},
  number={6},
  pages={731},
  year={2019},
  publisher={Multidisciplinary Digital Publishing Institute}
}

@article{sahr2011hexagonal,
  title={Hexagonal discrete global grid systems for geospatial computing},
  author={Sahr, Kevin},
  journal={Archiwum Fotogrametrii, Kartografii i Teledetekcji},
  volume={22},
  pages={363--376},
  year={2011}
}

@article{hales2001honeycomb,
  title={The honeycomb conjecture},
  author={Hales, Thomas C},
  journal={Discrete \& Computational Geometry},
  volume={25},
  number={1},
  pages={1--22},
  year={2001},
  publisher={Springer}
}

@inproceedings{bailey1987simulation,
  title={A simulation analysis of demand and fleet size effects on taxicab service rates},
  author={Bailey Jr, William A and Clark Jr, Thomas D},
  booktitle={Proceedings of the 19th conference on Winter simulation},
  pages={838--844},
  year={1987},
  organization={ACM}
}

@article{kummel2016taxi,
  title={Taxi dispatching and stable marriage},
  author={K{\"u}mmel, Michal and Busch, Fritz and Wang, David ZW},
  journal={Procedia Computer Science},
  volume={83},
  pages={163--170},
  year={2016},
  publisher={Elsevier}
}

@article{shou2019find,
  title={Optimal passenger-seeking policies on E-hailing platforms using Markov decision process and imitation learning},
  author={Shou, Zhenyu and Di, Xuan and Ye, Jieping and Zhu, Hongtu and Zhang, Hua and Hampshire, Robert},
  journal={Transportation Research Part C: Emerging Technologies},
  volume={111 (February)},
  pages={91--113},
  year={2020},
  month={February},
  publisher={Elsevier}
}

@inproceedings{verma2017augmenting,
  title={Augmenting decisions of taxi drivers through reinforcement learning for improving revenues},
  author={Verma, Tanvi and Varakantham, Pradeep and Kraus, Sarit and Lau, Hoong Chuin},
  booktitle={Twenty-Seventh International Conference on Automated Planning and Scheduling},
  year={2017}
}

@article{miao2016taxi,
  title={Taxi dispatch with real-time sensing data in metropolitan areas: A receding horizon control approach},
  author={Miao, Fei and Han, Shuo and Lin, Shan and Stankovic, John A and Zhang, Desheng and Munir, Sirajum and Huang, Hua and He, Tian and Pappas, George J},
  journal={IEEE Transactions on Automation Science and Engineering},
  volume={13},
  number={2},
  pages={463--478},
  year={2016},
  publisher={IEEE}
}

@inproceedings{oda2018movi,
  title={MOVI: A Model-Free Approach to Dynamic Fleet Management},
  author={Oda, Takuma and Joe-Wong, Carlee},
  booktitle={IEEE INFOCOM 2018-IEEE Conference on Computer Communications},
  pages={2708--2716},
  year={2018},
  organization={IEEE}
}

@article{tsitsiklis1996feature,
  title={Feature-based methods for large scale dynamic programming},
  author={Tsitsiklis, John N and Van Roy, Benjamin},
  journal={Machine Learning},
  volume={22},
  number={1-3},
  pages={59--94},
  year={1996},
  publisher={Springer}
}

@article{silver2016alphago,
  title={AlphaGo: Mastering the ancient game of Go with Machine Learning},
  author={Silver, David and Hassabis, Demis},
  journal={Research Blog},
  volume={9},
  year={2016}
}

@article{alonso2017demand,
  title={On-demand high-capacity ride-sharing via dynamic trip-vehicle assignment},
  author={Alonso-Mora, Javier and Samaranayake, Samitha and Wallar, Alex and Frazzoli, Emilio and Rus, Daniela},
  journal={Proceedings of the National Academy of Sciences},
  volume={114},
  number={3},
  pages={462--467},
  year={2017},
  publisher={National Acad Sciences}
}

@inproceedings{nazari2018reinforcement,
  title={Reinforcement learning for solving the vehicle routing problem},
  author={Nazari, Mohammadreza and Oroojlooy, Afshin and Snyder, Lawrence and Tak{\'a}c, Martin},
  booktitle={Advances in Neural Information Processing Systems},
  pages={9839--9849},
  year={2018}
}

@article{bello2016neural,
  title={Neural combinatorial optimization with reinforcement learning},
  author={Bello, Irwan and Pham, Hieu and Le, Quoc V and Norouzi, Mohammad and Bengio, Samy},
  journal={arXiv preprint arXiv:1611.09940},
  year={2016}
}

@inproceedings{vinyals2015pointer,
  title={Pointer networks},
  author={Vinyals, Oriol and Fortunato, Meire and Jaitly, Navdeep},
  booktitle={Advances in Neural Information Processing Systems},
  pages={2692--2700},
  year={2015}
}

@article{chinastats2019,
  journal={National Bureau of Statistics of China},
  year={2019}
}

@article{mod2019,
  title={US Cities Factsheet},
  journal={Center for Sustainable System, University of Michigan},
  year={2019}
}



@inproceedings{zhang2016model,
  title={Model predictive control of autonomous mobility-on-demand systems},
  author={Zhang, Rick and Rossi, Federico and Pavone, Marco},
  booktitle={2016 IEEE International Conference on Robotics and Automation (ICRA)},
  pages={1382--1389},
  year={2016},
  organization={IEEE}
}


@inproceedings{miller2017predictive,
  title={Predictive positioning and quality of service ridesharing for campus mobility on demand systems},
  author={Miller, Justin and How, Jonathan P},
  booktitle={2017 IEEE International Conference on Robotics and Automation (ICRA)},
  pages={1402--1408},
  year={2017},
  organization={IEEE}
}


@inproceedings{iglesias2018data,
  title={Data-driven model predictive control of autonomous mobility-on-demand systems},
  author={Iglesias, Ramon and Rossi, Federico and Wang, Kevin and Hallac, David and Leskovec, Jure and Pavone, Marco},
  booktitle={2018 IEEE International Conference on Robotics and Automation (ICRA)},
  pages={1--7},
  year={2018},
  organization={IEEE}
}

@inproceedings{holler2019deep,
  title={Deep Reinforcement Learning for Multi-Driver Vehicle Dispatching and Repositioning Problem},
  author={Holler, John and Vuorio, Risto and Qin, Zhiwei and Tang, Xiaocheng and Jiao, Yan and Jin, Tiancheng and Singh, Satinder and Wang, Chenxi and Ye, Jieping},
  booktitle={2019 IEEE International Conference on Data Mining (ICDM)},
  editor={Wang, J and Shim, K and Wu, X},
  year={2019},
  pages={1090-1095},
  organization={Institute of Electrical and Electronics Engineers, Washington, DC}
}

@inproceedings{lin2018efficient,
  title={Efficient large-scale fleet management via multi-agent deep reinforcement learning},
  author={Lin, Kaixiang and Zhao, Renyu and Xu, Zhe and Zhou, Jiayu},
  booktitle={Proceedings of the 24th ACM SIGKDD International Conference on Knowledge Discovery \& Data Mining},
  pages={1774--1783},
  year={2018}
}

@inproceedings{jin2019coride,
  title={CoRide: Joint Order Dispatching and Fleet Management for Multi-Scale Ride-Hailing Platforms},
  author={Jin, Jiarui and Zhou, Ming and Zhang, Weinan and Li, Minne and Guo, Zilong and Qin, Zhiwei and Jiao, Yan and Tang, Xiaocheng and Wang, Chenxi and Wang, Jun and others},
  booktitle={Proceedings of the 28th ACM International Conference on Information and Knowledge Management},
  pages={1983--1992},
  year={2019}
}

@inproceedings{zhou2019multi,
  title={Multi-Agent Reinforcement Learning for Order-dispatching via Order-Vehicle Distribution Matching},
  author={Zhou, Ming and Jin, Jiarui and Zhang, Weinan and Qin, Zhiwei and Jiao, Yan and Wang, Chenxi and Wu, Guobin and Yu, Yong and Ye, Jieping},
  booktitle={Proceedings of the 28th ACM International Conference on Information and Knowledge Management},
  pages={2645--2653},
  year={2019}
}

@inproceedings{gbm,
title = {LightGBM: A Highly Efficient Gradient Boosting Decision Tree},
author = {Ke, Guolin and Meng, Qi and Finley, Thomas and Wang, Taifeng and Chen, Wei and Ma, Weidong and Ye, Qiwei and Liu, Tie-Yan},
booktitle = {Advances in Neural Information Processing Systems 30},
editor = {I. Guyon and U. V. Luxburg and S. Bengio and H. Wallach and R. Fergus and S. Vishwanathan and R. Garnett},
pages = {3146--3154},
year = {2017},
publisher = {Curran Associates, Inc.},
url = {http://papers.nips.cc/paper/6907-lightgbm-a-highly-efficient-gradient-boosting-decision-tree.pdf}
}

@article{bay_opt,
  title={Bayesian Optimization Primer},
  author={Ian Dewancker and Michael McCourt and Scott Clark},
  journal={SIGOPT},
  year={2015},
  url={https://app.sigopt.com/static/pdf/SigOpt_Bayesian_Optimization_Primer.pdf}
}

@article{ozkan2017dynamic,
  title={Dynamic Matching for Real-Time Ride Sharing},
  author={{\"O}zkan, Erhun and Ward, Amy R},
  journal={Stochastic Systems},
  volume={10},
  number={1},
  pages={29--70},
  year={2020},
  publisher={INFORMS}
}

@article{korolko2018dynamic,
  title={Dynamic pricing and matching in ride-hailing platforms},
  author={Yan, Chiwei and Zhu, Helin and Korolko, Nikita and Woodard, Dawn},
  journal={Naval Research Logistics},
  year={2019},
  publisher={Wiley Online Library}
}

@inproceedings{cheng18taxis,
  title={Taxis strike back: A field trial of the driver guidance system.},
  author={Cheng, Shih-Fen and Jha, Shashi Shekhar and Rajendram, Rishikeshan},
  booktitle={AAMAS'18: Proceedings of the 17th International Conference on Autonomous Agents and Multiagent Systems, Stockholm, July 10},
  volume={15},
  pages={577--584},
  year={2018}
}

@inproceedings{garg2018route,
  title={Route recommendations for idle taxi drivers: Find me the shortest route to a customer!},
  author={Garg, Nandani and Ranu, Sayan},
  booktitle={Proceedings of the 24th ACM SIGKDD International Conference on Knowledge Discovery \& Data Mining},
  pages={1425--1434},
  year={2018}
}

@article{simao2009approximate,
  title={An approximate dynamic programming algorithm for large-scale fleet management: A case application},
  author={Simao, Hugo P and Day, Jeff and George, Abraham P and Gifford, Ted and Nienow, John and Powell, Warren B},
  journal={Transportation Science},
  volume={43},
  number={2},
  pages={178--197},
  year={2009},
  publisher={INFORMS}
}

@article{lowalekar2018online,
  title={Online spatio-temporal matching in stochastic and dynamic domains},
  author={Lowalekar, Meghna and Varakantham, Pradeep and Jaillet, Patrick},
  journal={Artificial Intelligence},
  volume={261},
  pages={71--112},
  year={2018},
  publisher={Elsevier}
}

@inproceedings{shah2020neural,
  title={Neural Approximate Dynamic Programming for On-Demand Ride-Pooling},
  author={Shah, Sanket and Lowalekar, Meghna and Varakantham, Pradeep},
  booktitle={Proceedings of the AAAI Conference on Artificial Intelligence},
  volume={34},
  number={01},
  pages={507--515},
  year={2020}
}

@article{bertsimas2019online,
  title={Online vehicle routing: The edge of optimization in large-scale applications},
  author={Bertsimas, Dimitris and Jaillet, Patrick and Martin, S{\'e}bastien},
  journal={Operations Research},
  volume={67},
  number={1},
  pages={143--162},
  year={2019},
  publisher={INFORMS}
}

@article{levine2020offline,
  title={Offline reinforcement learning: Tutorial, review, and perspectives on open problems},
  author={Levine, Sergey and Kumar, Aviral and Tucker, George and Fu, Justin},
  journal={arXiv preprint arXiv:2005.01643},
  year={2020}
}

@article{pendleton2017perception,
  title={Perception, planning, control, and coordination for autonomous vehicles},
  author={Pendleton, Scott Drew and Andersen, Hans and Du, Xinxin and Shen, Xiaotong and Meghjani, Malika and Eng, You Hong and Rus, Daniela and Ang, Marcelo H},
  journal={Machines},
  volume={5},
  number={1},
  pages={6},
  year={2017},
  publisher={Multidisciplinary Digital Publishing Institute}
}

@article{auer2002finite,
  title={Finite-time analysis of the multiarmed bandit problem},
  author={Auer, Peter and Cesa-Bianchi, Nicolo and Fischer, Paul},
  journal={Machine learning},
  volume={47},
  number={2-3},
  pages={235--256},
  year={2002},
  publisher={Springer}
}

@inproceedings{jtq2020repos,
  title={A Deep Value-based Policy Search Approach for Real-world Vehicle Repositioning on Mobility-on-Demand Platforms},
  author={Jiao, Yan and Tang, Xiaocheng and Qin, Zhiwei (Tony) and Li, Shuaiji and Zhang, Fan and Zhu, Hongtu and Ye, Jieping},
  booktitle={NeurIPS 2020 Deep Reinforcement Learning Workshop},
  year={2020}
}

@manual{qin2020kddcup,
      title  = {KDD Cup 2020 Reinforcement Learning Track},
      author = {Qin, Zhiwei (Tony) and Tang, Xiaocheng and Zhang, Lulu and Zhang, Fan and Zhang, Cheng and Zhang, Jianhua and Ma, Yanhui},
      note    = "\url{https://www.kdd.org/kdd2020/kdd-cup}",
      year   = {2020}
    }
    
    
@manual{reuters2019ownership,
      title  = {Uber and Lyft to turn the wheels on car ownership: industry experts},
      author = {Choi, Tyler},
      note   = "Reuters",
      year   = {2020}
    }
    
    
@article{chinastats2019,
  author={National Bureau of Statistics of China, .},
  title={National Economic Performance Maintained within an Appropriate Range in 2018 with Main Development Goals Achieved.},
  journal={National Bureau of Statistics of China},
  note={\url{http://www.stats.gov.cn/english/PressRelease/201901/t20190121_1645832.html}},
  year={2019 Accessed May 16, 2020}
}

@article{michigan2019mod,
  author={University of Michigan Center for Sustainable Studies, .},
  title={US Cities Factsheet.},
  journal={Center for Sustainable System, University of Michigan},
  note={\url{http://css.umich.edu/sites/default/files/US\%20Cities_CSS09-06_e2019.pdf}},
  year={2019 Accessed April 21, 2020}
}

@manual{wsj2020vacant,
      title  = {The Ride-Hail Utopia That Got Stuck in Traffic - WSJ},
      author = {Brown, Eliot},
      note    = "\url{https://www.wsj.com/articles/the-ride-hail-utopia-that-got-stuck-in-traffic-11581742802}",
      year   = {2020}
    }
    
@manual{nyt2017surge,
      title  = {Ride-Hailing Drivers Are Slaves to the Surge},
      author = {Goncharova, Masha},
      note    = "\url{https://www.nytimes.com/2017/01/12/nyregion/uber-lyft-juno-ride-hailing.html}",
      year   = {2017}
    }
    
@manual{wtop2019wait,
      title  = {Here?s how long you have to wait for an Uber or Lyft in DC},
      author = {Smith, Max},
      note    = "\url{https://wtop.com/dc-transit/2019/12/how-long-you-have-to-wait-for-an-uber-or-lyft-in-d-c/}",
      year   = {2019}
    }
    
@manual{markets2018ridesharevol,
      title  = {Ride Sharing Market by Type (E-hailing, Station-Based, Car Sharing \& Rental), Car Sharing (P2P, Corporate), Service (Navigation, Payment, Information), Micro-Mobility (Bicycle, Scooter), Vehicle Type, and Region - Global Forecast to 2025},
      author = {MarketsAndMarkets},
      year   = {2018}
    }
    
@misc{luong2015effective,
      title={Effective Approaches to Attention-based Neural Machine Translation}, 
      author={Minh-Thang Luong and Hieu Pham and Christopher D. Manning},
      year={2015},
      eprint={1508.04025},
      archivePrefix={arXiv},
      primaryClass={cs.CL}
}

%%% refs for survey %%%
@article{haydari2020survey,
  title={Deep reinforcement learning for intelligent transportation systems: A survey},
  author={Haydari, Ammar and Yilmaz, Yasin},
  journal={IEEE Transactions on Intelligent Transportation Systems},
  year={2020},
  publisher={IEEE}
}

@article{yau2017tscsurvey,
author = {Yau, Kok-Lim Alvin and Qadir, Junaid and Khoo, Hooi Ling and Ling, Mee Hong and Komisarczuk, Peter},
title = {A Survey on Reinforcement Learning Models and Algorithms for Traffic Signal Control},
year = {2017},
issue_date = {October 2017},
publisher = {Association for Computing Machinery},
address = {New York, NY, USA},
volume = {50},
number = {3},
issn = {0360-0300},
doi = {10.1145/3068287},
journal = {ACM Comput. Surv.},
month = jun,
articleno = {34},
numpages = {38},
keywords = {Applied artificial intelligence, multiagent system, intelligent transportation system, traffic signal control}
}

@article{farazi2020deep,
  title={Deep Reinforcement Learning and Transportation Research: A Comprehensive Review},
  author={Farazi, Nahid Parvez and Ahamed, Tanvir and Barua, Limon and Zou, Bo},
  journal={arXiv preprint arXiv:2010.06187},
  year={2020}
}

@article{berner2019dota,
  title={Dota 2 with large scale deep reinforcement learning},
  author={Berner, Christopher and Brockman, Greg and Chan, Brooke and Cheung, Vicki and D{\k{e}}biak, Przemys{\l}aw and Dennison, Christy and Farhi, David and Fischer, Quirin and Hashme, Shariq and Hesse, Chris and others},
  journal={arXiv preprint arXiv:1912.06680},
  year={2019}
}

@article{qin2020ride,
  title={Ride-Hailing Order Dispatching at DiDi via Reinforcement Learning},
  author={Qin, Zhiwei and Tang, Xiaocheng and Jiao, Yan and Zhang, Fan and Xu, Zhe and Zhu, Hongtu and Ye, Jieping},
  journal={INFORMS Journal on Applied Analytics},
  volume={50},
  number={5},
  pages={272--286},
  year={2020},
  publisher={INFORMS}
}

@article{hu2022dynamic,
  title={Dynamic type matching},
  author={Hu, Ming and Zhou, Yun},
  journal={Manufacturing \& Service Operations Management},
  volume={24},
  number={1},
  pages={125--142},
  year={2022},
  publisher={INFORMS}
}

@inproceedings{yang2018mean,
  title={Mean field multi-agent reinforcement learning},
  author={Yang, Yaodong and Luo, Rui and Li, Minne and Zhou, Ming and Zhang, Weinan and Wang, Jun},
  booktitle={International Conference on Machine Learning},
  pages={5571--5580},
  year={2018},
  organization={PMLR}
}

@article{lowe2017multi,
  title={Multi-agent actor-critic for mixed cooperative-competitive environments},
  author={Lowe, Ryan and Wu, Yi I and Tamar, Aviv and Harb, Jean and Pieter Abbeel, OpenAI and Mordatch, Igor},
  journal={Advances in neural information processing systems},
  volume={30},
  year={2017}
}

@article{ke2020learning,
  title={Learning to delay in ride-sourcing systems: a multi-agent deep reinforcement learning framework},
  author={Ke, Jintao and Yang, Hai and Ye, Jieping and others},
  journal={IEEE Transactions on Knowledge and Data Engineering},
  year={2020},
  publisher={IEEE}
}

@inproceedings{wang2019adaptive,
  title={Adaptive dynamic bipartite graph matching: A reinforcement learning approach},
  author={Wang, Yansheng and Tong, Yongxin and Long, Cheng and Xu, Pan and Xu, Ke and Lv, Weifeng},
  booktitle={2019 IEEE 35th International Conference on Data Engineering (ICDE)},
  pages={1478--1489},
  year={2019},
  organization={IEEE}
}

@article{chen2019can,
  title={Can Sophisticated Dispatching Strategy Acquired by Reinforcement Learning?-A Case Study in Dynamic Courier Dispatching System},
  author={Chen, Yujie and Qian, Yu and Yao, Yichen and Wu, Zili and Li, Rongqi and Zhou, Yinzhi and Hu, Haoyuan and Xu, Yinghui},
  journal={arXiv preprint arXiv:1903.02716},
  year={2019}
}

@inproceedings{shen2020auxiliary,
  title={Auxiliary-task Based Deep Reinforcement Learning for Participant Selection Problem in Mobile Crowdsourcing},
  author={Shen, Wei and He, Xiaonan and Zhang, Chuheng and Ni, Qiang and Dou, Wanchun and Wang, Yan},
  booktitle={Proceedings of the 29th ACM International Conference on Information \& Knowledge Management},
  pages={1355--1364},
  year={2020}
}

@inproceedings{raju2003reinforcement,
  title={Reinforcement learning applications in dynamic pricing of retail markets},
  author={Raju, CVL and Narahari, Y and Ravikumar, K},
  booktitle={IEEE International Conference on E-Commerce, 2003. CEC 2003.},
  pages={339--346},
  year={2003},
  organization={IEEE}
}

@incollection{bertsimas2006dynamic,
  title={Dynamic pricing: A learning approach},
  author={Bertsimas, Dimitris and Perakis, Georgia},
  booktitle={Mathematical and computational models for congestion charging},
  pages={45--79},
  year={2006},
  publisher={Springer}
}

@article{ma2020spatio,
  title={Spatio-temporal pricing for ridesharing platforms},
  author={Ma, Hongyao and Fang, Fei and Parkes, David C},
  journal={ACM SIGecom Exchanges},
  volume={18},
  number={2},
  pages={53--57},
  year={2020},
  publisher={ACM New York, NY, USA}
}

@article{bimpikis2019spatial,
  title={Spatial pricing in ride-sharing networks},
  author={Bimpikis, Kostas and Candogan, Ozan and Saban, Daniela},
  journal={Operations Research},
  volume={67},
  number={3},
  pages={744--769},
  year={2019},
  publisher={INFORMS}
}

@article{hu2021surge,
  title={Surge pricing and two-sided temporal responses in ride hailing},
  author={Hu, Bin and Hu, Ming and Zhu, Han},
  journal={Manufacturing \& Service Operations Management},
  volume={24},
  number={1},
  pages={91--109},
  year={2022},
  publisher={INFORMS}
}

@article{wu2016automated,
  title={Automated pricing agents in the on-demand economy},
  author={Wu, Tony and Joseph, Anthony D and Russell, Stuart J},
  journal={University of California at Berkeley: Berkeley, CA, USA},
  year={2016}
}

@article{turan2020dynamic,
  title={Dynamic pricing and fleet management for electric autonomous mobility on demand systems},
  author={Turan, Berkay and Pedarsani, Ramtin and Alizadeh, Mahnoosh},
  journal={Transportation Research Part C: Emerging Technologies},
  volume={121},
  pages={102829},
  year={2020},
  publisher={Elsevier}
}

@article{song2020application,
  title={An Application of Reinforced Learning-Based Dynamic Pricing for Improvement of Ridesharing Platform Service in Seoul},
  author={Song, Jaein and Cho, Yun Ji and Kang, Min Hee and Hwang, Kee Yeon},
  journal={Electronics},
  volume={9},
  number={11},
  pages={1818},
  year={2020},
  publisher={Multidisciplinary Digital Publishing Institute}
}

@article{yu2019integrated,
  title={An integrated decomposition and approximate dynamic programming approach for on-demand ride pooling},
  author={Yu, Xian and Shen, Siqian},
  journal={IEEE Transactions on Intelligent Transportation Systems},
  volume={21},
  number={9},
  pages={3811--3820},
  year={2019},
  publisher={IEEE}
}

@article{al2019deeppool,
  title={Deeppool: Distributed model-free algorithm for ride-sharing using deep reinforcement learning},
  author={Alabbasi, Abubakr and Ghosh, Arnob and Aggarwal, Vaneet},
  journal={IEEE Transactions on Intelligent Transportation Systems},
  volume={20},
  number={12},
  pages={4714--4727},
  year={2019},
  publisher={IEEE}
}

@inproceedings{gueriau2018samod,
  title={SAMoD: Shared autonomous mobility-on-demand using decentralized reinforcement learning},
  author={Gu{\'e}riau, Maxime and Dusparic, Ivana},
  booktitle={2018 21st International Conference on Intelligent Transportation Systems (ITSC)},
  pages={1558--1563},
  year={2018},
  organization={IEEE}
}

@inproceedings{haliem2020dprs,
  title={A distributed model-free ride-sharing algorithm with pricing using deep reinforcement learning},
  author={Haliem, Marina and Mani, Ganapathy and Aggarwal, Vaneet and Bhargava, Bharat},
  booktitle={Computer Science in Cars Symposium},
  pages={1--10},
  year={2020}
}

@article{singh2019distributed,
  title={A distributed model-free algorithm for multi-hop ride-sharing using deep reinforcement learning},
  author={Singh, Ashutosh and Al-Abbasi, Abubakr O and Aggarwal, Vaneet},
  journal={IEEE Transactions on Intelligent Transportation Systems},
  year={2021},
  publisher={IEEE}
}

@article{haliem2020distributed,
  title={A distributed model-free ride-sharing approach for joint matching, pricing, and dispatching using deep reinforcement learning},
  author={Haliem, Marina and Mani, Ganapathy and Aggarwal, Vaneet and Bhargava, Bharat},
  journal={IEEE Transactions on Intelligent Transportation Systems},
  volume={22},
  number={12},
  pages={7931--7942},
  year={2021},
  publisher={IEEE}
}

@article{riley2020real,
  title={Real-Time Dispatching of Large-Scale Ride-Sharing Systems: Integrating Optimization, Machine Learning, and Model Predictive Control},
  author={Riley, Connor and Van Hentenryck, Pascal and Yuan, Enpeng},
  journal={Proceedings of the Twenty-Ninth International Joint Conference on Artificial Intelligence (IJCAI)},
  year={2020}
}

@article{nycdataset,
  title={NYC Taxi \& Limousine Commission Trip Record Data},
  author={TLC},
  note={"\url{https://www1.nyc.gov/site/tlc/about/tlc-trip-record-data.page}"},
  year={2020}
}

@article{fivethirtyeight,
  title={Uber Pickups in New York City - Trip data for over 20 million Uber (and other for-hire vehicle) trips in NYC},
  author={Kaggle},
  note={"\url{https://www.kaggle.com/fivethirtyeight/uber-pickups-in-new-york-city}"},
  year={2017}
}

@article{didigaia,
  title={DiDi GAIA Open Data Set: KDD Cup 2020},
  author={GAIA},
  note={"\url{https://outreach.didichuxing.com/appEn-vue/KDD_CUP_2020?id=1005}"},
  year={2020}
}

@article{ubermovement,
  title={Uber Movement},
  author={Uber},
  note={"\url{https://movement.uber.com/?lang=en-US}"},
  year={2021}
}

@article{biendata,
  title={KDD Cup 2020: Learning to Dispatch and Reposition on a Mobility-on-Demand Platform},
  author={DiDi},
  note={"\url{https://www.biendata.xyz/competition/kdd_didi/}"},
  year={2020}
}

@article{didisim,
  title={DiDi Decision Intelligence Simulation Platform},
  author={DiDi},
  note={"\url{https://outreach.didichuxing.com/Simulation}"},
  year={2021}
}

@article{chaudhari2020learn,
  title={Learn to Earn: Enabling Coordination within a Ride Hailing Fleet},
  author={Chaudhari, Harshal A and Byers, John W and Terzi, Evimaria},
  journal={Proceedings of IEEE International Conference on Big Data},
  year={2020}
}

@article{feng2020scalable,
  title={Scalable Deep Reinforcement Learning for Ride-Hailing},
  author={Feng, Jiekun and Gluzman, Mark and Dai, JG},
  journal={IEEE Control Systems Letters},
  year={2020},
  publisher={IEEE}
}

@article{mao2020dispatch,
  title={Dispatch of autonomous vehicles for taxi services: A deep reinforcement learning approach},
  author={Mao, Chao and Liu, Yulin and Shen, Zuo-Jun Max},
  journal={Transportation Research Part C: Emerging Technologies},
  volume={115},
  pages={102626},
  year={2020},
  publisher={Elsevier}
}

@article{zhang2020dynamic,
  title={Dynamic Fleet Management With Rewriting Deep Reinforcement Learning},
  author={Zhang, Wenqi and Wang, Qiang and Li, Jingjing and Xu, Chen},
  journal={IEEE Access},
  volume={8},
  pages={143333--143341},
  year={2020},
  publisher={IEEE}
}

@article{shou2020reward,
  title={Reward design for driver repositioning using multi-agent reinforcement learning},
  author={Shou, Zhenyu and Di, Xuan},
  journal={Transportation research part C: emerging technologies},
  volume={119},
  pages={102738},
  year={2020},
  publisher={Elsevier}
}

@article{liu2020context,
  title={Context-Aware Taxi Dispatching at City-Scale Using Deep Reinforcement Learning},
  author={Liu, Zhidan and Li, Jiangzhou and Wu, Kaishun},
  journal={IEEE Transactions on Intelligent Transportation Systems},
  year={2020},
  publisher={IEEE}
}

@inproceedings{rong2016rich,
  title={The rich and the poor: A Markov decision process approach to optimizing taxi driver revenue efficiency},
  author={Rong, Huigui and Zhou, Xun and Yang, Chang and Shafiq, Zubair and Liu, Alex},
  booktitle={Proceedings of the 25th ACM International on Conference on Information and Knowledge Management},
  pages={2329--2334},
  year={2016}
}

@inproceedings{wen2017rebalancing,
  title={Rebalancing shared mobility-on-demand systems: A reinforcement learning approach},
  author={Wen, Jian and Zhao, Jinhua and Jaillet, Patrick},
  booktitle={2017 IEEE 20th International Conference on Intelligent Transportation Systems (ITSC)},
  pages={220--225},
  year={2017},
  organization={Ieee}
}

@article{gao2018optimize,
  title={Optimize taxi driving strategies based on reinforcement learning},
  author={Gao, Yong and Jiang, Dan and Xu, Yan},
  journal={International Journal of Geographical Information Science},
  volume={32},
  number={8},
  pages={1677--1696},
  year={2018},
  publisher={Taylor \& Francis}
}

@inproceedings{han2016routing,
  title={Routing an autonomous taxi with reinforcement learning},
  author={Han, Miyoung and Senellart, Pierre and Bressan, St{\'e}phane and Wu, Huayu},
  booktitle={Proceedings of the 25th ACM International on Conference on Information and Knowledge Management},
  pages={2421--2424},
  year={2016}
}

@article{yu2019markov,
  title={A Markov decision process approach to vacant taxi routing with e-hailing},
  author={Yu, Xinlian and Gao, Song and Hu, Xianbiao and Park, Hyoshin},
  journal={Transportation Research Part B: Methodological},
  volume={121},
  pages={114--134},
  year={2019},
  publisher={Elsevier}
}

@article{shou2020optimal,
  title={Optimal passenger-seeking policies on E-hailing platforms using Markov decision process and imitation learning},
  author={Shou, Zhenyu and Di, Xuan and Ye, Jieping and Zhu, Hongtu and Zhang, Hua and Hampshire, Robert},
  journal={Transportation Research Part C: Emerging Technologies},
  volume={111},
  pages={91--113},
  year={2020},
  publisher={Elsevier}
}

@article{zhou2018optimizing,
  title={Optimizing taxi driver profit efficiency: A spatial network-based markov decision process approach},
  author={Zhou, Xun and Rong, Huigui and Yang, Chang and Zhang, Qun and Khezerlou, Amin Vahedian and Zheng, Hui and Shafiq, Zubair and Liu, Alex X},
  journal={IEEE Transactions on Big Data},
  volume={6},
  number={1},
  pages={145--158},
  year={2018},
  publisher={IEEE}
}

@article{schmollsemi,
  title={Semi-Markov Reinforcement Learning for Stochastic Resource Collection},
  author={Schmoll, Sebastian and Schubert, Matthias},
  journal={Proceedings of the Twenty-Ninth International Joint Conference on Artificial Intelligence (IJCAI)},
  year={2020}
}

@inproceedings{SUMO2018,
          title = {Microscopic Traffic Simulation using SUMO},
         author = {Pablo Alvarez Lopez and Michael Behrisch and Laura Bieker-Walz and Jakob Erdmann and Yun-Pang Fl{\"o}tter{\"o}d and Robert Hilbrich and Leonhard L{\"u}cken and Johannes Rummel and Peter Wagner and Evamarie Wie{\ss}ner},
      publisher = {IEEE},
      booktitle = {The 21st IEEE International Conference on Intelligent Transportation Systems},
           year = {2018},
        journal = {IEEE Intelligent Transportation Systems Conference (ITSC)},
       keywords = {traffic simulation, modelling, optimization}
 }
 
 @article{ke2020pricing,
  title={Pricing and equilibrium in on-demand ride-pooling markets},
  author={Ke, Jintao and Yang, Hai and Li, Xinwei and Wang, Hai and Ye, Jieping},
  journal={Transportation Research Part B: Methodological},
  volume={139},
  pages={411--431},
  year={2020},
  publisher={Elsevier}
}

@article{wu2017flow,
  title={Flow: Architecture and benchmarking for reinforcement learning in traffic control},
  author={Wu, Cathy and Kreidieh, Aboudy and Parvate, Kanaad and Vinitsky, Eugene and Bayen, Alexandre M},
  journal={arXiv preprint arXiv:1710.05465},
  pages={10},
  year={2017}
}

@article{zhou2020smarts,
  title={SMARTS: Scalable Multi-Agent Reinforcement Learning Training School for Autonomous Driving},
  author={Zhou, Ming and Luo, Jun and Villela, Julian and Yang, Yaodong and Rusu, David and Miao, Jiayu and Zhang, Weinan and Alban, Montgomery and Fadakar, Iman and Chen, Zheng and others},
  journal={arXiv preprint arXiv:2010.09776},
  year={2020}
}

@inproceedings{dosovitskiy2017carla,
  title={CARLA: An open urban driving simulator},
  author={Dosovitskiy, Alexey and Ros, German and Codevilla, Felipe and Lopez, Antonio and Koltun, Vladlen},
  booktitle={Conference on robot learning},
  pages={1--16},
  year={2017},
  organization={PMLR}
}

@inproceedings{shang2019environment,
  title={Environment reconstruction with hidden confounders for reinforcement learning based recommendation},
  author={Shang, Wenjie and Yu, Yang and Li, Qingyang and Qin, Zhiwei and Meng, Yiping and Ye, Jieping},
  booktitle={Proceedings of the 25th ACM SIGKDD International Conference on Knowledge Discovery \& Data Mining},
  pages={566--576},
  year={2019}
}

@inproceedings{mazumdar2017gradient,
  title={Gradient-based inverse risk-sensitive reinforcement learning},
  author={Mazumdar, Eric and Ratliff, Lillian J and Fiez, Tanner and Sastry, S Shankar},
  booktitle={2017 IEEE 56th Annual Conference on Decision and Control (CDC)},
  pages={5796--5801},
  year={2017},
  organization={IEEE}
}

@article{williams1992simple,
  title={Simple statistical gradient-following algorithms for connectionist reinforcement learning},
  author={Williams, Ronald J},
  journal={Machine learning},
  volume={8},
  number={3-4},
  pages={229--256},
  year={1992},
  publisher={Springer}
}

@article{traore2019continual,
  title={Continual reinforcement learning deployed in real-life using policy distillation and sim2real transfer},
  author={Traor{\'e}, Ren{\'e} and Caselles-Dupr{\'e}, Hugo and Lesort, Timoth{\'e}e and Sun, Te and D{\'\i}az-Rodr{\'\i}guez, Natalia and Filliat, David},
  journal={arXiv preprint arXiv:1906.04452},
  year={2019}
}

@article{mehta2020curriculum,
  title={Curriculum in gradient-based meta-reinforcement learning},
  author={Mehta, Bhairav and Deleu, Tristan and Raparthy, Sharath Chandra and Pal, Chris J and Paull, Liam},
  journal={arXiv preprint arXiv:2002.07956},
  year={2020}
}

@article{james2019online,
  title={Online vehicle routing with neural combinatorial optimization and deep reinforcement learning},
  author={James, JQ and Yu, Wen and Gu, Jiatao},
  journal={IEEE Transactions on Intelligent Transportation Systems},
  volume={20},
  number={10},
  pages={3806--3817},
  year={2019},
  publisher={IEEE}
}

@inproceedings{peng2019deep,
  title={A deep reinforcement learning algorithm using dynamic attention model for vehicle routing problems},
  author={Peng, Bo and Wang, Jiahai and Zhang, Zizhen},
  booktitle={International Symposium on Intelligence Computation and Applications},
  pages={636--650},
  year={2019},
  organization={Springer}
}

@article{shou2020multi,
  title={Multi-Agent Reinforcement Learning for Dynamic Routing Games: A Unified Paradigm},
  author={Shou, Zhenyu and Di, Xuan},
  journal={arXiv preprint arXiv:2011.10915},
  year={2020}
}

@inproceedings{yuen2019beyond,
  title={Beyond shortest paths: Route recommendations for ride-sharing},
  author={Yuen, Chak Fai and Singh, Abhishek Pratap and Goyal, Sagar and Ranu, Sayan and Bagchi, Amitabha},
  booktitle={The World Wide Web Conference},
  pages={2258--2269},
  year={2019}
}

@article{xu2020efficient,
  title={An efficient insertion operator in dynamic ridesharing services},
  author={Xu, Yi and Tong, Yongxin and Shi, Yexuan and Tao, Qian and Xu, Ke and Li, Wei},
  journal={IEEE Transactions on Knowledge and Data Engineering},
  year={2020},
  publisher={IEEE}
}

@inproceedings{ng2000algorithms,
  title={Algorithms for inverse reinforcement learning.},
  author={Ng, Andrew Y and Russell, Stuart J and others},
  booktitle={Icml},
  volume={1},
  pages={2},
  year={2000}
}

@article{tong2018unified,
  title={A unified approach to route planning for shared mobility},
  author={Tong, Yongxin and Zeng, Yuxiang and Zhou, Zimu and Chen, Lei and Ye, Jieping and Xu, Ke},
  journal={Proceedings of the VLDB Endowment},
  volume={11},
  number={11},
  pages={1633},
  year={2018},
  publisher={VLDB Endowment}
}

@inproceedings{alonso2017predictive,
  title={Predictive routing for autonomous mobility-on-demand systems with ride-sharing},
  author={Alonso-Mora, Javier and Wallar, Alex and Rus, Daniela},
  booktitle={2017 IEEE/RSJ International Conference on Intelligent Robots and Systems (IROS)},
  pages={3583--3590},
  year={2017},
  organization={IEEE}
}

@article{zheng2018order,
  title={Order dispatch in price-aware ridesharing},
  author={Zheng, Libin and Chen, Lei and Ye, Jieping},
  journal={Proceedings of the VLDB Endowment},
  volume={11},
  number={8},
  pages={853--865},
  year={2018},
  publisher={VLDB Endowment}
}

@article{gueriau2020shared,
  title={Shared Autonomous Mobility on Demand: A Learning-Based Approach and Its Performance in the Presence of Traffic Congestion},
  author={Gu{\'e}riau, Maxime and Cugurullo, Federico and Acheampong, Ransford A and Dusparic, Ivana},
  journal={IEEE Intelligent Transportation Systems Magazine},
  volume={12},
  number={4},
  pages={208--218},
  year={2020},
  publisher={IEEE}
}

@article{qinoptimizing,
  title={Optimizing matching time intervals for ride-hailing services using reinforcement learning},
  author={Qin, Guoyang and Luo, Qi and Yin, Yafeng and Sun, Jian and Ye, Jieping},
  journal={To appear in Transportation Research: Part C},
  year={2021}
}

@article{qin2021optimizing,
  title={Optimizing matching time intervals for ride-hailing services using reinforcement learning},
  author={Qin, Guoyang and Luo, Qi and Yin, Yafeng and Sun, Jian and Ye, Jieping},
  journal={Transportation Research Part C: Emerging Technologies},
  volume={129},
  pages={103239},
  year={2021},
  publisher={Elsevier}
}

@article{wang2016sample,
  title={Sample efficient actor-critic with experience replay},
  author={Wang, Ziyu and Bapst, Victor and Heess, Nicolas and Mnih, Volodymyr and Munos, Remi and Kavukcuoglu, Koray and de Freitas, Nando},
  journal={arXiv preprint arXiv:1611.01224},
  year={2016}
}

@inproceedings{tong2017simpler,
  title={The simpler the better: a unified approach to predicting original taxi demands based on large-scale online platforms},
  author={Tong, Yongxin and Chen, Yuqiang and Zhou, Zimu and Chen, Lei and Wang, Jie and Yang, Qiang and Ye, Jieping and Lv, Weifeng},
  booktitle={Proceedings of the 23rd ACM SIGKDD international conference on knowledge discovery and data mining},
  pages={1653--1662},
  year={2017}
}

@inproceedings{yao2018deep,
  title={Deep multi-view spatial-temporal network for taxi demand prediction},
  author={Yao, Huaxiu and Wu, Fei and Ke, Jintao and Tang, Xianfeng and Jia, Yitian and Lu, Siyu and Gong, Pinghua and Ye, Jieping and Li, Zhenhui},
  booktitle={Proceedings of the AAAI Conference on Artificial Intelligence},
  volume={32},
  number={1},
  year={2018}
}

@inproceedings{geng2019spatiotemporal,
  title={Spatiotemporal multi-graph convolution network for ride-hailing demand forecasting},
  author={Geng, Xu and Li, Yaguang and Wang, Leye and Zhang, Lingyu and Yang, Qiang and Ye, Jieping and Liu, Yan},
  booktitle={Proceedings of the AAAI conference on artificial intelligence},
  volume={33},
  number={01},
  pages={3656--3663},
  year={2019}
}

@inproceedings{tang2021value,
author = {Tang, Xiaocheng and Zhang, Fan and Qin, Zhiwei and Wang, Yansheng and Shi, Dingyuan and Song, Bingchen and Tong, Yongxin and Zhu, Hongtu and Ye, Jieping},
title = {Value Function is All You Need: A Unified Learning Framework for Ride Hailing Platforms},
year = {2021},
isbn = {9781450383325},
publisher = {Association for Computing Machinery},
address = {New York, NY, USA},
doi = {10.1145/3447548.3467096},
booktitle = {Proceedings of the 27th ACM SIGKDD Conference on Knowledge Discovery and Data Mining},
pages = {3605–3615},
numpages = {11},
keywords = {fleet management, vehicle repositioning, neural networks, order dispatching, autonomous driving, reinforcement learning},
location = {Virtual Event, Singapore},
series = {KDD '21}
}

@article{zhou2021graph,
  title={Graph-Based Equilibrium Metrics for Dynamic Supply--Demand Systems With Applications to Ride-sourcing Platforms},
  author={Zhou, Fan and Luo, Shikai and Qie, Xiaohu and Ye, Jieping and Zhu, Hongtu},
  journal={Journal of the American Statistical Association},
  pages={1--12},
  year={2021},
  publisher={Taylor \& Francis}
}

@article{shi2020reinforcement,
  title={A Reinforcement Learning Framework for Time-Dependent Causal Effects Evaluation in A/B Testing},
  author={Shi, Chengchun and Wang, Xiaoyu and Luo, Shikai and Song, Rui and Zhu, Hongtu and Ye, Jieping},
  journal={arXiv preprint arXiv:2002.01711},
  year={2020}
}

@article{shi2020online,
  title={AN ONLINE SEQUENTIAL TEST FOR QUALITATIVE TREATMENT EFFECTS},
  author={Shi, Chengchun and Luo, Shikai and Song, Rui and Zhu, Hongtu},
  year={2020}
}

@inproceedings{qin2021reinforcement,
  title={Reinforcement Learning for Ridesharing: A Survey},
  author={Qin, Zhiwei and Zhu, Hongtu and Ye, Jieping},
  booktitle={appearing in Proceedings of the IEEE Intelligent Transportation Systems Conference},
  year={2021}
}

@article{shang2021partially,
  title={Partially observable environment estimation with uplift inference for reinforcement learning based recommendation},
  author={Shang, Wenjie and Li, Qingyang and Qin, Zhiwei and Yu, Yang and Meng, Yiping and Ye, Jieping},
  journal={Machine Learning},
  pages={1--38},
  year={2021},
  publisher={Springer}
}

@article{qin2012structured,
  title={Structured Sparsity via Alternating Direction Methods.},
  author={Qin, Zhiwei Tony and Goldfarb, Donald},
  journal={Journal of Machine Learning Research},
  volume={13},
  number={5},
  year={2012}
}

@article{wang2019ridesourcing,
  title={Ridesourcing systems: A framework and review},
  author={Wang, Hai and Yang, Hai},
  journal={Transportation Research Part B: Methodological},
  volume={129},
  pages={122--155},
  year={2019},
  publisher={Elsevier}
}

@inproceedings{bei2018algorithms,
  title={Algorithms for trip-vehicle assignment in ride-sharing},
  author={Bei, Xiaohui and Zhang, Shengyu},
  booktitle={Thirty-second AAAI conference on artificial intelligence},
  year={2018}
}

@article{tong2020spatial,
  title={Spatial crowdsourcing: a survey},
  author={Tong, Yongxin and Zhou, Zimu and Zeng, Yuxiang and Chen, Lei and Shahabi, Cyrus},
  journal={The VLDB Journal},
  volume={29},
  number={1},
  pages={217--250},
  year={2020},
  publisher={Springer}
}

@article{lin1992self,
  title={Self-improving reactive agents based on reinforcement learning, planning and teaching},
  author={Lin, Long-Ji},
  journal={Machine learning},
  volume={8},
  number={3-4},
  pages={293--321},
  year={1992},
  publisher={Springer}
}

@article{kim2005optimal,
  title={Optimal vehicle routing with real-time traffic information},
  author={Kim, Seongmoon and Lewis, Mark E and White, Chelsea C},
  journal={IEEE Transactions on Intelligent Transportation Systems},
  volume={6},
  number={2},
  pages={178--188},
  year={2005},
  publisher={IEEE}
}

@inproceedings{tumer2008aligning,
  title={Aligning social welfare and agent preferences to alleviate traffic congestion},
  author={Tumer, Kagan and Welch, Zachary T and Agogino, Adrian},
  booktitle={Proceedings of the 7th international joint conference on Autonomous agents and multiagent systems-Volume 2},
  pages={655--662},
  year={2008},
  organization={Citeseer}
}

@article{guner2012dynamic,
  title={Dynamic routing under recurrent and non-recurrent congestion using real-time ITS information},
  author={G{\"u}ner, Ali R and Murat, Alper and Chinnam, Ratna Babu},
  journal={Computers \& Operations Research},
  volume={39},
  number={2},
  pages={358--373},
  year={2012},
  publisher={Elsevier}
}

@inproceedings{yu2012q,
  title={Q value-based Dynamic Programming with SARSA Learning for real time route guidance in large scale road networks},
  author={Yu, Shanqing and Zhou, Jing and Li, Bing and Mabu, Shingo and Hirasawa, Kotaro},
  booktitle={The 2012 International Joint Conference on Neural Networks (IJCNN)},
  pages={1--7},
  year={2012},
  organization={IEEE}
}

@article{zolfpour2014modeling,
  title={Modeling of route planning system based on Q value-based dynamic programming with multi-agent reinforcement learning algorithms},
  author={Zolfpour-Arokhlo, Mortaza and Selamat, Ali and Hashim, Siti Zaiton Mohd and Afkhami, Hossein},
  journal={Engineering Applications of Artificial Intelligence},
  volume={29},
  pages={163--177},
  year={2014},
  publisher={Elsevier}
}

@inproceedings{grunitzki2014individual,
  title={Individual versus difference rewards on reinforcement learning for route choice},
  author={Grunitzki, Ricardo and de Oliveira Ramos, Gabriel and Bazzan, Ana Lucia Cetertich},
  booktitle={2014 Brazilian Conference on Intelligent Systems},
  pages={253--258},
  year={2014},
  organization={IEEE}
}

@article{mao2018reinforcement,
  title={A reinforcement learning framework for the adaptive routing problem in stochastic time-dependent network},
  author={Mao, Chao and Shen, Zuojun},
  journal={Transportation Research Part C: Emerging Technologies},
  volume={93},
  pages={179--197},
  year={2018},
  publisher={Elsevier}
}

@inproceedings{bazzan2016multiagent,
  title={A multiagent reinforcement learning approach to en-route trip building},
  author={Bazzan, Ana LC and Grunitzki, Ricardo},
  booktitle={2016 International Joint Conference on Neural Networks (IJCNN)},
  pages={5288--5295},
  year={2016},
  organization={IEEE}
}

@article{wen2019hierarchical,
  title={Hierarchical sarsa learning based route guidance algorithm},
  author={Wen, Feng and Wang, Xingqiao and Xu, Xiaowei},
  journal={Journal of Advanced Transportation},
  volume={2019},
  year={2019},
  publisher={Hindawi}
}

@article{mainali2008optimal,
  title={Optimal route based on dynamic programming for road networks},
  author={Mainali, Manoj Kanta and Shimada, Kaoru and Mabu, Shingo and Hirasawa, Kotaro},
  journal={Journal of Advanced Computational Intelligence and Intelligent Informatics},
  volume={12},
  number={6},
  pages={546--553},
  year={2008},
  publisher={Fuji Technology Press Ltd.}
}

@inproceedings{bazzan2015hybrid,
  title={A Hybrid Evolutionary and Multiagent Reinforcement Learning Approach to Accelerate the Computation of Traffic Assignment},
  author={Bazzan, Ana LC and Chira, Camelia},
  booktitle={AAMAS},
  pages={1723--1724},
  year={2015}
}

@article{ramos2018analysing,
  title={Analysing the impact of travel information for minimising the regret of route choice},
  author={Ramos, Gabriel de O and Bazzan, Ana LC and da Silva, Bruno C},
  journal={Transportation Research Part C: Emerging Technologies},
  volume={88},
  pages={257--271},
  year={2018},
  publisher={Elsevier}
}

@article{zhou2020reinforcement,
  title={A reinforcement learning scheme for the equilibrium of the in-vehicle route choice problem based on congestion game},
  author={Zhou, Bo and Song, Qiankun and Zhao, Zhenjiang and Liu, Tangzhi},
  journal={Applied Mathematics and Computation},
  volume={371},
  pages={124895},
  year={2020},
  publisher={Elsevier}
}

@article{jtq2021repos,
title = {Real-world ride-hailing vehicle repositioning using deep reinforcement learning},
journal = {Transportation Research Part C: Emerging Technologies},
volume = {130},
pages = {103289},
year = {2021},
issn = {0968-090X},
doi = {https://doi.org/10.1016/j.trc.2021.103289},
author = {Yan Jiao and Xiaocheng Tang and Zhiwei (Tony) Qin and Shuaiji Li and Fan Zhang and Hongtu Zhu and Jieping Ye},
keywords = {Ridesharing, Vehicle repositioning, Deep reinforcement learning},
abstract = {We present a new practical framework based on deep reinforcement learning and decision-time planning for real-world vehicle repositioning on ride-hailing (a type of mobility-on-demand, MoD) platforms. Our approach learns the spatiotemporal state-value function using a batch training algorithm with deep value networks. The optimal repositioning action is generated on-demand through value-based policy search, which combines planning and bootstrapping with the value networks. For the large-fleet problems, we develop several algorithmic features that we incorporate into our framework and that we demonstrate to induce coordination among the algorithmically-guided vehicles. We benchmark our algorithm with baselines in a ride-hailing simulation environment to demonstrate its superiority in improving income efficiency measured by income-per-hour. We have also designed and run a real-world experiment program with regular drivers on a major ride-hailing platform. We have observed significantly positive results on key metrics comparing our method with experienced drivers who performed idle-time repositioning based on their own expertise.}
}

@article{goldfarb2014robust,
  title={Robust low-rank tensor recovery: Models and algorithms},
  author={Goldfarb, Donald and Qin, Zhiwei},
  journal={SIAM Journal on Matrix Analysis and Applications},
  volume={35},
  number={1},
  pages={225--253},
  year={2014},
  publisher={SIAM}
}

@article{qin2013efficient,
  title={Efficient block-coordinate descent algorithms for the group lasso},
  author={Qin, Zhiwei and Scheinberg, Katya and Goldfarb, Donald},
  journal={Mathematical Programming Computation},
  volume={5},
  number={2},
  pages={143--169},
  year={2013},
  publisher={Springer}
}

@article{kim2005optimal,
  title={Optimal vehicle routing with real-time traffic information},
  author={Kim, Seongmoon and Lewis, Mark E and White, Chelsea C},
  journal={IEEE Transactions on Intelligent Transportation Systems},
  volume={6},
  number={2},
  pages={178--188},
  year={2005},
  publisher={IEEE}
}

@inproceedings{tumer2008aligning,
  title={Aligning social welfare and agent preferences to alleviate traffic congestion},
  author={Tumer, Kagan and Welch, Zachary T and Agogino, Adrian},
  booktitle={Proceedings of the 7th international joint conference on Autonomous agents and multiagent systems-Volume 2},
  pages={655--662},
  year={2008},
  organization={Citeseer}
}

@inproceedings{yu2012q,
  title={Q value-based Dynamic Programming with SARSA Learning for real time route guidance in large scale road networks},
  author={Yu, Shanqing and Zhou, Jing and Li, Bing and Mabu, Shingo and Hirasawa, Kotaro},
  booktitle={The 2012 International Joint Conference on Neural Networks (IJCNN)},
  pages={1--7},
  year={2012},
  organization={IEEE}
}

@inproceedings{grunitzki2014individual,
  title={Individual versus difference rewards on reinforcement learning for route choice},
  author={Grunitzki, Ricardo and de Oliveira Ramos, Gabriel and Bazzan, Ana Lucia Cetertich},
  booktitle={2014 Brazilian Conference on Intelligent Systems},
  pages={253--258},
  year={2014},
  organization={IEEE}
}

@article{mao2018reinforcement,
  title={A reinforcement learning framework for the adaptive routing problem in stochastic time-dependent network},
  author={Mao, Chao and Shen, Zuojun},
  journal={Transportation Research Part C: Emerging Technologies},
  volume={93},
  pages={179--197},
  year={2018},
  publisher={Elsevier}
}

@inproceedings{bazzan2016multiagent,
  title={A multiagent reinforcement learning approach to en-route trip building},
  author={Bazzan, Ana LC and Grunitzki, Ricardo},
  booktitle={2016 International Joint Conference on Neural Networks (IJCNN)},
  pages={5288--5295},
  year={2016},
  organization={IEEE}
}

@article{wen2019hierarchical,
  title={Hierarchical sarsa learning based route guidance algorithm},
  author={Wen, Feng and Wang, Xingqiao and Xu, Xiaowei},
  journal={Journal of Advanced Transportation},
  volume={2019},
  year={2019},
  publisher={Hindawi}
}

@article{shou2020multi,
  title={Multi-Agent Reinforcement Learning for Dynamic Routing Games: A Unified Paradigm},
  author={Shou, Zhenyu and Di, Xuan},
  journal={arXiv preprint arXiv:2011.10915},
  year={2020}
}

@article{chen2021spatial,
  title={Spatial-temporal pricing for ride-sourcing platform with reinforcement learning},
  author={Chen, Chuqiao and Yao, Fugen and Mo, Dong and Zhu, Jiangtao and Chen, Xiqun Michael},
  journal={Transportation Research Part C: Emerging Technologies},
  volume={130},
  pages={103272},
  year={2021},
  publisher={Elsevier}
}

@article{qin2021multi,
  title={Multi-party ride-matching problem in the ride-hailing market with bundled option services},
  author={Qin, Xiaoran and Yang, Hai and Wu, Yinghui and Zhu, Hongtu},
  journal={Transportation Research Part C: Emerging Technologies},
  volume={131},
  pages={103287},
  year={2021},
  publisher={Elsevier}
}

@article{qin2020development,
  title={Development of a one-day driving cycle for electric ride-hailing vehicles},
  author={Qin, Xiaoran and Yu, Kaixian and Li, Hanqian and Dai, Feng and Liu, Haijiang and Yang, Hai and Ye, Jieping and Zhu, Hongtu},
  journal={Transportation Research Part D: Transport and Environment},
  volume={89},
  pages={102597},
  year={2020},
  publisher={Elsevier}
}

@inproceedings{wu2020joint,
  title={A Joint Inverse Reinforcement Learning and Deep Learning Model for Drivers' Behavioral Prediction},
  author={Wu, Guojun and Li, Yanhua and Luo, Shikai and Song, Ge and Wang, Qichao and He, Jing and Ye, Jieping and Qie, Xiaohu and Zhu, Hongtu},
  booktitle={Proceedings of the 29th ACM International Conference on Information \& Knowledge Management},
  pages={2805--2812},
  year={2020}
}

@article{yao2021ridesharing,
  title={A ridesharing simulation platform that considers dynamic supply-demand interactions},
  author={Yao, Rui and Bekhor, Shlomo},
  journal={arXiv preprint arXiv:2104.13463},
  year={2021}
}

@article{zou2021dynamic,
  title={Dynamic multiobjective optimization driven by inverse reinforcement learning},
  author={Zou, Fei and Yen, Gary G and Zhao, Chen},
  journal={Information Sciences},
  volume={575},
  pages={468--484},
  year={2021},
  publisher={Elsevier}
}

@article{arora2021survey,
  title={A survey of inverse reinforcement learning: Challenges, methods and progress},
  author={Arora, Saurabh and Doshi, Prashant},
  journal={Artificial Intelligence},
  pages={103500},
  year={2021},
  publisher={Elsevier}
}

@inproceedings{li2010contextual,
  title={A contextual-bandit approach to personalized news article recommendation},
  author={Li, Lihong and Chu, Wei and Langford, John and Schapire, Robert E},
  booktitle={Proceedings of the 19th international conference on World wide web},
  pages={661--670},
  year={2010}
}

@article{dantzig1959truck,
  title={The truck dispatching problem},
  author={Dantzig, George B and Ramser, John H},
  journal={Management science},
  volume={6},
  number={1},
  pages={80--91},
  year={1959},
  publisher={Informs}
}

@article{chen2021spatial,
  title={Spatial-temporal pricing for ride-sourcing platform with reinforcement learning},
  author={Chen, Chuqiao and Yao, Fugen and Mo, Dong and Zhu, Jiangtao and Chen, Xiqun Michael},
  journal={Transportation Research Part C: Emerging Technologies},
  volume={130},
  pages={103272},
  year={2021},
  publisher={Elsevier}
}

@inproceedings{mnih2016asynchronous,
  title={Asynchronous methods for deep reinforcement learning},
  author={Mnih, Volodymyr and Badia, Adria Puigdomenech and Mirza, Mehdi and Graves, Alex and Lillicrap, Timothy and Harley, Tim and Silver, David and Kavukcuoglu, Koray},
  booktitle={International conference on machine learning},
  pages={1928--1937},
  year={2016},
  organization={PMLR}
}

@article{kool2018attention,
  title={Attention, learn to solve routing problems!},
  author={Kool, Wouter and Van Hoof, Herke and Welling, Max},
  journal={arXiv preprint arXiv:1803.08475},
  year={2018}
}

@article{balaji2019orl,
  title={Orl: Reinforcement learning benchmarks for online stochastic optimization problems},
  author={Balaji, Bharathan and Bell-Masterson, Jordan and Bilgin, Enes and Damianou, Andreas and Garcia, Pablo Moreno and Jain, Arpit and Luo, Runfei and Maggiar, Alvaro and Narayanaswamy, Balakrishnan and Ye, Chun},
  journal={arXiv preprint arXiv:1911.10641},
  year={2019}
}

@article{james2019online,
  title={Online vehicle routing with neural combinatorial optimization and deep reinforcement learning},
  author={James, JQ and Yu, Wen and Gu, Jiatao},
  journal={IEEE Transactions on Intelligent Transportation Systems},
  volume={20},
  number={10},
  pages={3806--3817},
  year={2019},
  publisher={IEEE}
}

@article{zhang2020multi,
  title={Multi-vehicle routing problems with soft time windows: A multi-agent reinforcement learning approach},
  author={Zhang, Ke and He, Fang and Zhang, Zhengchao and Lin, Xi and Li, Meng},
  journal={Transportation Research Part C: Emerging Technologies},
  volume={121},
  pages={102861},
  year={2020},
  publisher={Elsevier}
}

@article{ulmer2020modeling,
  title={On modeling stochastic dynamic vehicle routing problems},
  author={Ulmer, Marlin W and Goodson, Justin C and Mattfeld, Dirk C and Thomas, Barrett W},
  journal={EURO Journal on Transportation and Logistics},
  volume={9},
  number={2},
  pages={100008},
  year={2020},
  publisher={Elsevier}
}

@inproceedings{joe2020deep,
  title={Deep reinforcement learning approach to solve dynamic vehicle routing problem with stochastic customers},
  author={Joe, Waldy and Lau, Hoong Chuin},
  booktitle={Proceedings of the International Conference on Automated Planning and Scheduling},
  volume={30},
  pages={394--402},
  year={2020}
}

@article{delarue2020reinforcement,
  title={Reinforcement learning with combinatorial actions: An application to vehicle routing},
  author={Delarue, Arthur and Anderson, Ross and Tjandraatmadja, Christian},
  journal={Advances in Neural Information Processing Systems},
  volume={33},
  pages={609--620},
  year={2020}
}

@inproceedings{duan2020efficiently,
  title={Efficiently Solving the Practical Vehicle Routing Problem: A Novel Joint Learning Approach},
  author={Duan, Lu and Zhan, Yang and Hu, Haoyuan and Gong, Yu and Wei, Jiangwen and Zhang, Xiaodong and Xu, Yinghui},
  booktitle={Proceedings of the 26th ACM SIGKDD International Conference on Knowledge Discovery \& Data Mining},
  pages={3054--3063},
  year={2020}
}

@article{lin2021deep,
  title={Deep Reinforcement Learning for the Electric Vehicle Routing Problem With Time Windows},
  author={Lin, Bo and Ghaddar, Bissan and Nathwani, Jatin},
  journal={IEEE Transactions on Intelligent Transportation Systems},
  year={2021},
  publisher={IEEE}
}

@article{horgan2018distributed,
  title={Distributed prioritized experience replay},
  author={Horgan, Dan and Quan, John and Budden, David and Barth-Maron, Gabriel and Hessel, Matteo and Van Hasselt, Hado and Silver, David},
  journal={arXiv preprint arXiv:1803.00933},
  year={2018}
}

@article{ong2021driver,
  title={Driver Positioning and Incentive Budgeting with an Escrow Mechanism for Ride-Sharing Platforms},
  author={Ong, Hao Yi and Freund, Daniel and Crapis, Davide},
  journal={INFORMS Journal on Applied Analytics},
  volume={51},
  number={5},
  pages={373--390},
  year={2021},
  publisher={INFORMS}
}

@article{shi2019operating,
  title={Operating electric vehicle fleet for ride-hailing services with reinforcement learning},
  author={Shi, Jie and Gao, Yuanqi and Wang, Wei and Yu, Nanpeng and Ioannou, Petros A},
  journal={IEEE Transactions on Intelligent Transportation Systems},
  volume={21},
  number={11},
  pages={4822--4834},
  year={2019},
  publisher={IEEE}
}

@article{kullman2021dynamic,
  title={Dynamic ride-hailing with electric vehicles},
  author={Kullman, Nicholas D and Cousineau, Martin and Goodson, Justin C and Mendoza, Jorge E},
  journal={Transportation Science},
  volume={56},
  number={3},
  pages={775--794},
  year={2022},
  publisher={INFORMS}
}

@article{al2020approximate,
  title={Approximate dynamic programming for planning a ride-hailing system using autonomous fleets of electric vehicles},
  author={Al-Kanj, Lina and Nascimento, Juliana and Powell, Warren B},
  journal={European Journal of Operational Research},
  volume={284},
  number={3},
  pages={1088--1106},
  year={2020},
  publisher={Elsevier}
}

@inproceedings{qin2021reinforcement,
  title={Reinforcement Learning for Ridesharing: A Survey},
  author={Qin, Zhiwei and Zhu, Hongtu and Ye, Jieping},
  booktitle={IEEE Intelligent Transportation Systems Conference},
  year={2021},
  organization={IEEE}
}

@article{chicago2018data,
  title={Chicago Transportation Network Providers (rideshare) data},
  author={Chicago Data Portal},
  note={"\url{https://data.cityofchicago.org/Transportation/Transportation-Network-Providers-Trips/m6dm-c72p}"},
  year={2020}
}

@inproceedings{liu2021trustworthy,
  title={Trustworthy and Powerful Online Marketplace Experimentation with Budget-split Design},
  author={Liu, Min and Mao, Jialiang and Kang, Kang},
  booktitle={Proceedings of the 27th ACM SIGKDD Conference on Knowledge Discovery \& Data Mining},
  pages={3319--3329},
  year={2021}
}

@inproceedings{gao2021deep,
  title={A Deep Learning Method for Route and Time Prediction in Food Delivery Service},
  author={Gao, Chengliang and Zhang, Fan and Wu, Guanqun and Hu, Qiwan and Ru, Qiang and Hao, Jinghua and He, Renqing and Sun, Zhizhao},
  booktitle={Proceedings of the 27th ACM SIGKDD Conference on Knowledge Discovery \& Data Mining},
  pages={2879--2889},
  year={2021}
}

@inproceedings{ding2020delivery,
  title={Delivery Scope: A New Way of Restaurant Retrieval for On-demand Food Delivery Service},
  author={Ding, Xuetao and Zhang, Runfeng and Mao, Zhen and Xing, Ke and Du, Fangxiao and Liu, Xingyu and Wei, Guoxing and Yin, Feifan and He, Renqing and Sun, Zhizhao},
  booktitle={Proceedings of the 26th ACM SIGKDD International Conference on Knowledge Discovery \& Data Mining},
  pages={3026--3034},
  year={2020}
}

@inproceedings{wang2018learning,
  title={Learning to estimate the travel time},
  author={Wang, Zheng and Fu, Kun and Ye, Jieping},
  booktitle={Proceedings of the 24th ACM SIGKDD International Conference on Knowledge Discovery \& Data Mining},
  pages={858--866},
  year={2018}
}

@inproceedings{hong2020heteta,
  title={Heteta: heterogeneous information network embedding for estimating time of arrival},
  author={Hong, Huiting and Lin, Yucheng and Yang, Xiaoqing and Li, Zang and Fu, Kung and Wang, Zheng and Qie, Xiaohu and Ye, Jieping},
  booktitle={Proceedings of the 26th ACM SIGKDD International Conference on Knowledge Discovery \& Data Mining},
  pages={2444--2454},
  year={2020}
}

@inproceedings{schlosser2018dynamic,
  title={Dynamic pricing under competition on online marketplaces: A data-driven approach},
  author={Schlosser, Rainer and Boissier, Martin},
  booktitle={Proceedings of the 24th ACM SIGKDD international conference on knowledge discovery \& data mining},
  pages={705--714},
  year={2018}
}

@inproceedings{gollapudi2019welfare,
  title={Welfare Maximization in Online Two-sided Marketplaces},
  author={Gollapudi, Sreenivas},
  booktitle={Proceedings of the 25th ACM SIGKDD International Conference on Knowledge Discovery \& Data Mining},
  pages={3184--3184},
  year={2019}
}

@inproceedings{suhr2019two,
  title={Two-sided fairness for repeated matchings in two-sided markets: A case study of a ride-hailing platform},
  author={S{\"u}hr, Tom and Biega, Asia J and Zehlike, Meike and Gummadi, Krishna P and Chakraborty, Abhijnan},
  booktitle={Proceedings of the 25th ACM SIGKDD International Conference on Knowledge Discovery \& Data Mining},
  pages={3082--3092},
  year={2019}
}

@inproceedings{kenthapadi2017personalized,
  title={Personalized job recommendation system at linkedin: Practical challenges and lessons learned},
  author={Kenthapadi, Krishnaram and Le, Benjamin and Venkataraman, Ganesh},
  booktitle={Proceedings of the eleventh ACM conference on recommender systems},
  pages={346--347},
  year={2017}
}

@inproceedings{geyik2019fairness,
  title={Fairness-aware ranking in search \& recommendation systems with application to linkedin talent search},
  author={Geyik, Sahin Cem and Ambler, Stuart and Kenthapadi, Krishnaram},
  booktitle={Proceedings of the 25th acm sigkdd international conference on knowledge discovery \& data mining},
  pages={2221--2231},
  year={2019}
}

@inproceedings{geyik2020impression,
  title={Impression Pacing for Jobs Marketplace at LinkedIn},
  author={Geyik, Sahin Cem and Chowdhury, Luthfur and Raudies, Florian and Pu, Wen and Shen, Jianqiang},
  booktitle={Proceedings of the 29th ACM International Conference on Information \& Knowledge Management},
  pages={2445--2452},
  year={2020}
}

@inproceedings{ye2018customized,
  title={Customized regression model for airbnb dynamic pricing},
  author={Ye, Peng and Qian, Julian and Chen, Jieying and Wu, Chen-hung and Zhou, Yitong and De Mars, Spencer and Yang, Frank and Zhang, Li},
  booktitle={Proceedings of the 24th ACM SIGKDD international conference on knowledge discovery \& data mining},
  pages={932--940},
  year={2018}
}

@inproceedings{grbovic2018real,
  title={Real-time personalization using embeddings for search ranking at airbnb},
  author={Grbovic, Mihajlo and Cheng, Haibin},
  booktitle={Proceedings of the 24th ACM SIGKDD International Conference on Knowledge Discovery \& Data Mining},
  pages={311--320},
  year={2018}
}

@inproceedings{abdool2020managing,
  title={Managing diversity in Airbnb search},
  author={Abdool, Mustafa and Haldar, Malay and Ramanathan, Prashant and Sax, Tyler and Zhang, Lanbo and Manaswala, Aamir and Yang, Lynn and Turnbull, Bradley and Zhang, Qing and Legrand, Thomas},
  booktitle={Proceedings of the 26th ACM SIGKDD International Conference on Knowledge Discovery \& Data Mining},
  pages={2952--2960},
  year={2020}
}

@inproceedings{kohavi2015online,
  title={Online controlled experiments: Lessons from running a/b/n tests for 12 years},
  author={Kohavi, Ron},
  booktitle={Proceedings of the 21th ACM SIGKDD International Conference on Knowledge Discovery and Data Mining},
  pages={1--1},
  year={2015}
}

@misc{epfl-mobility-20090224,
    author = {Michal Piorkowski and Natasa Sarafijanovic-Djukic and Matthias Grossglauser},
    title = {{CRAWDAD} dataset epfl/mobility (v. 2009-02-24)},
    howpublished = {Downloaded from \url{https://crawdad.org/epfl/mobility/20090224}},
    doi = {10.15783/C7J010},
    month = feb,
    year = 2009
}

@inproceedings{ruch2018amodeus,
  title={Amodeus, a simulation-based testbed for autonomous mobility-on-demand systems},
  author={Ruch, Claudio and H{\"o}rl, Sebastian and Frazzoli, Emilio},
  booktitle={2018 21st International Conference on Intelligent Transportation Systems (ITSC)},
  pages={3639--3644},
  year={2018},
  organization={IEEE}
}

@article{learn2earn2020code,
  title={Simulation code for "Learn to Earn: Enabling Coordination Within a Ride-Hailing Fleet"},
  author={Chaudhari, Harshal A and Byers, John W and Terzi, Evimaria},
  note={"\url{https://transparent-framework.github.io/optimize-ride-sharing-earnings/}"},
  year={2020}
}

@book{w2016multi,
  title={The multi-agent transport simulation MATSim},
  author={W Axhausen, Kay and Horni, Andreas and Nagel, Kai},
  year={2016},
  publisher={Ubiquity Press}
}

@article{yang2020optimizing,
  title={Optimizing matching time interval and matching radius in on-demand ride-sourcing markets},
  author={Yang, Hai and Qin, Xiaoran and Ke, Jintao and Ye, Jieping},
  journal={Transportation Research Part B: Methodological},
  volume={131},
  pages={84--105},
  year={2020},
  publisher={Elsevier}
}

@article{zhu2021mean,
  title={A mean-field Markov decision process model for spatial-temporal subsidies in ride-sourcing markets},
  author={Zhu, Zheng and Ke, Jintao and Wang, Hai},
  journal={Transportation Research Part B: Methodological},
  volume={150},
  pages={540--565},
  year={2021},
  publisher={Elsevier}
}

@article{urata2021learning,
  title={Learning ride-sourcing drivers’ customer-searching behavior: A dynamic discrete choice approach},
  author={Urata, Junji and Xu, Zhengtian and Ke, Jintao and Yin, Yafeng and Wu, Guojun and Yang, Hai and Ye, Jieping},
  journal={Transportation Research Part C: Emerging Technologies},
  volume={130},
  pages={103293},
  year={2021},
  publisher={Elsevier}
}

@article{wong2014cell,
  title={A cell-based logit-opportunity taxi customer-search model},
  author={Wong, RCP and Szeto, WY and Wong, SC},
  journal={Transportation Research Part C: Emerging Technologies},
  volume={48},
  pages={84--96},
  year={2014},
  publisher={Elsevier}
}

@article{zhong2020queueing,
  title={Queueing Versus Surge Pricing Mechanism: Efficiency, Equity, and Consumer Welfare},
  author={Zhong, Yueyang and Wan, Zhixi and Shen, Zuo-Jun Max},
  journal={Equity, and Consumer Welfare (September 24, 2020)},
  year={2020}
}

@article{zhou2020competitive,
  title={Competition and third-party platform-integration in ride-sourcing markets},
  author={Zhou, Yaqian and Yang, Hai and Ke, Jintao and Wang, Hai and Li, Xinwei},
  journal={Transportation Research Part B: Methodological},
  volume={159},
  pages={76--103},
  year={2022},
  publisher={Elsevier}
}

@book{powell2022reinforcement,
  title={Reinforcement Learning and Stochastic Optimization: A unified framework for sequential decisions},
  author={Powell, Warren B},
  year={2022},
  publisher={John Wiley \& Sons}
}

@data{illinoisdatabankIDB-9610843,
doi = {10.13012/J8PN93H8},
url = {https://doi.org/10.13012/J8PN93H8},
author = {Donovan, Brian and Work, Dan},
publisher = {University of Illinois at Urbana-Champaign},
title = {New York City Taxi Trip Data (2010-2013)},
year = {2016}
}

@article{beirigo2022business,
  title={A business class for autonomous mobility-on-demand: Modeling service quality contracts in dynamic ridesharing systems},
  author={Beirigo, Breno A and Negenborn, Rudy R and Alonso-Mora, Javier and Schulte, Frederik},
  journal={Transportation Research Part C: Emerging Technologies},
  volume={136},
  pages={103520},
  year={2022},
  publisher={Elsevier}
}

@article{chen2016dynamic,
  title={Dynamic pricing in a labor market: Surge pricing and flexible work on the Uber platform.},
  author={Chen, M Keith and Sheldon, Michael},
  journal={Ec},
  volume={16},
  pages={455},
  year={2016}
}

@article{sun2019model,
  title={Model and analysis of labor supply for ride-sharing platforms in the presence of sample self-selection and endogeneity},
  author={Sun, Hao and Wang, Hai and Wan, Zhixi},
  journal={Transportation Research Part B: Methodological},
  volume={125},
  pages={76--93},
  year={2019},
  publisher={Elsevier}
}

@article{angrist2021uber,
  title={Uber versus taxi: A driver's eye view},
  author={Angrist, Joshua D and Caldwell, Sydnee and Hall, Jonathan V},
  journal={American Economic Journal: Applied Economics},
  volume={13},
  number={3},
  pages={272--308},
  year={2021}
}

@article{lyu2019multi,
  title={Multi-objective online ride-matching},
  author={Lyu, Guodong and Cheung, Wang Chi and Teo, Chung-Piaw and Wang, Hai},
  journal={Available at SSRN 3356823},
  year={2019}
}

@article{yang2020integrated,
  title={Integrated reward scheme and surge pricing in a ridesourcing market},
  author={Yang, Hai and Shao, Chaoyi and Wang, Hai and Ye, Jieping},
  journal={Transportation Research Part B: Methodological},
  volume={134},
  pages={126--142},
  year={2020},
  publisher={Elsevier}
}

@inproceedings{zhou2021multi,
  title={Multi-Objective Distributional Reinforcement Learning for Large-Scale Order Dispatching},
  author={Zhou, Fan and Lu, Chenfan and Tang, Xiaocheng and Zhang, Fan and Qin, Zhiwei and Ye, Jieping and Zhu, Hongtu},
  booktitle={2021 IEEE International Conference on Data Mining (ICDM)},
  pages={1541--1546},
  year={2021},
  organization={IEEE}
}

@article{tong2021combinatorial,
  title={Combinatorial Optimization Meets Reinforcement Learning: Effective Taxi Order Dispatching at Large-Scale},
  author={Tong, Yongxin and Shi, Dingyuan and Xu, Yi and Lv, Weifeng and Qin, Zhiwei and Tang, Xiaocheng},
  journal={IEEE Transactions on Knowledge and Data Engineering},
  year={2021},
  publisher={IEEE}
}

@inproceedings{eshkevari2022reinforcement,
  title={Reinforcement Learning in the Wild: Scalable RL Dispatching Algorithm Deployed in Ridehailing Marketplace},
  author={Eshkevari, Soheil Sadeghi and Tang, Xiaocheng and Qin, Zhiwei and Mei, Jinhan and Zhang, Cheng and Meng, Qianying and Xu, Jia},
  booktitle={Proceedings of the 26th ACM SIGKDD International Conference on Knowledge Discovery \& Data Mining},
  year={2022}
}

@article{hall1986fastest,
  title={The fastest path through a network with random time-dependent travel times},
  author={Hall, Randolph W},
  journal={Transportation science},
  volume={20},
  number={3},
  pages={182--188},
  year={1986},
  publisher={INFORMS}
}
