@misc{mnist,
  added-at = {2010-06-28T21:16:30.000+0200},
  author = {LeCun, Yann and Cortes, Corinna},
  biburl = {https://www.bibsonomy.org/bibtex/2935bad99fa1f65e03c25b315aa3c1032/mhwombat},
  groups = {public},
  howpublished = {\url{http://yann.lecun.com/exdb/mnist/}},
  interhash = {21b9d0558bd66279df9452562df6e6f3},
  intrahash = {935bad99fa1f65e03c25b315aa3c1032},
  keywords = {MSc _checked character_recognition mnist network neural},
  lastchecked = {2016-01-14 14:24:11},
  timestamp = {2016-07-12T19:25:30.000+0200},
  title = {{MNIST} handwritten digit database},
  url = {http://yann.lecun.com/exdb/mnist/},
  year = 2010
}

@article{fashion,
  author       = {Han Xiao and Kashif Rasul and Roland Vollgraf},
  title        = {Fashion-MNIST: a Novel Image Dataset for Benchmarking Machine Learning Algorithms},
  year         = {2017},
  journal = {arXiv:1708.07747}
}

@article{levin2022transfer,
  title={Transfer Learning with Deep Tabular Models},
  author={Levin, Roman and Cherepanova, Valeriia and Schwarzschild, Avi and Bansal, Arpit and Bruss, C Bayan and Goldstein, Tom and Wilson, Andrew Gordon and Goldblum, Micah},
  journal={arXiv preprint arXiv:2206.15306},
  year={2022}
}

@inproceedings{grubb2011generalized,
  title={Generalized boosting algorithms for convex optimization},
  author={Grubb, Alexander and Bagnell, J Andrew},
  booktitle={Proceedings of the 28th International Conference on International Conference on Machine Learning},
  pages={1209--1216},
  year={2011}
}

@inproceedings{adam,
  title={Adam: A method for stochastic optimization},
  author={Kingma, Diederik P and Ba, Jimmy},
  booktitle={Proceedings of ICLR 2015},
  year={2015}
}

@article{rmsprop,
  title={Lecture 6.5-rmsprop: Divide the gradient by a running average of its recent magnitude},
  author={Tieleman, Tijmen and Hinton, Geoffrey},
  journal={COURSERA: Neural networks for machine learning},
  volume={4},
  number={2},
  pages={26--31},
  year={2012}
}

@inproceedings{hyperopt,
  title={Making a science of model search: Hyperparameter optimization in hundreds of dimensions for vision architectures},
  author={Bergstra, James and Yamins, Daniel and Cox, David},
  booktitle={International conference on machine learning},
  pages={115--123},
  year={2013}
}

@incollection{titanic2,
  title={Logistic Model Case Study 2: Survival of Titanic Passengers},
  author={Harrell, Frank E},
  booktitle={Regression Modeling Strategies},
  pages={299--330},
  year={2001},
  publisher={Springer}
}

@INPROCEEDINGS{yearprediction,
  author = {Thierry Bertin-Mahieux and Daniel P.W. Ellis and Brian Whitman and Paul Lamere},
  title = {The Million Song Dataset},
  booktitle = {{Proceedings of the 12th International Conference on Music Information
	Retrieval ({ISMIR} 2011)}},
  year = {2011},
  owner = {thierry},
  timestamp = {2010.03.07}
}

@article{msrank,
  author    = {Tao Qin and
               Tie{-}Yan Liu},
  title     = {Introducing {LETOR} 4.0 Datasets},
  journal   = {CoRR},
  volume    = {abs/1306.2597},
  year      = {2013},
  url       = {http://arxiv.org/abs/1306.2597},
  timestamp = {Mon, 01 Jul 2013 20:31:25 +0200},
  biburl    = {http://dblp.uni-trier.de/rec/bib/journals/corr/QinL13},
  bibsource = {dblp computer science bibliography, http://dblp.org}
}

@article{higgs,
      author         = "Baldi, Pierre and Sadowski, Peter and Whiteson, Daniel",
      title          = "{Searching for Exotic Particles in High-Energy Physics
                        with Deep Learning}",
      journal        = "Nature Commun.",
      volume         = "5",
      year           = "2014",
      pages          = "4308",
      doi            = "10.1038/ncomms5308",
      eprint         = "1402.4735",
      archivePrefix  = "arXiv",
      primaryClass   = "hep-ph",
      SLACcitation   = "%%CITATION = ARXIV:1402.4735;%%"
}

@article{gbm,
  title={Greedy function approximation: a gradient boosting machine},
  author={Friedman, Jerome H},
  journal={Annals of statistics},
  pages={1189--1232},
  year={2001},
  publisher={JSTOR}
}

@article{digits,
  title={Combining multiple classifiers for pen-based handwritten digit recognition},
  author={Alimoglu, Fevzi and Doc, Dr and Alpaydin, Ethem and Denizhan, Yagmur},
  journal={Master's Thesis - Bo\u gazi\c ci University},
  year={1996},
  publisher={Citeseer}
}

@inproceedings{adult,
  title={Scaling up the accuracy of naive-bayes classifiers: A decision-tree hybrid.},
  author={Kohavi, Ron},
  booktitle={Kdd},
  volume={96},
  pages={202--207},
  year={1996}
}

@article{forestfires,
  title={A data mining approach to predict forest fires using meteorological data},
  author={Cortez, Paulo and Morais, Anibal de Jesus Raimundo},
  year={2007},
  journal={Associa{\c{c}}{\~a}o Portuguesa para a Intelig{\^e}ncia Artificial (APPIA)}
}

@inproceedings{xgboost,
  title={Xgboost: A scalable tree boosting system},
  author={Chen, Tianqi and Guestrin, Carlos},
  booktitle={Proceedings of the 22nd acm sigkdd international conference on knowledge discovery and data mining},
  pages={785--794},
  year={2016}
}

@misc{kddreview,
  title={The present and the future of the KDD cup competition: an outsider's perspective},
  howpublished = {\url{https://www.linkedin.com/pulse/present-future-kdd-cup-competition-outsiders-ron-bekkerman}},
  author={Bekkerman, R},
  year={2015}
}

@inproceedings{lightgbm,
  title={Lightgbm: A highly efficient gradient boosting decision tree},
  author={Ke, Guolin and Meng, Qi and Finley, Thomas and Wang, Taifeng and Chen, Wei and Ma, Weidong and Ye, Qiwei and Liu, Tie-Yan},
  booktitle={Advances in neural information processing systems},
  pages={3146--3154},
  year={2017}
}


@article{catboost,
  title={CatBoost: gradient boosting with categorical features support},
  author={Dorogush, Anna Veronika and Ershov, Vasily and Gulin, Andrey},
  journal={arXiv preprint arXiv:1810.11363},
  year={2018}
}

@misc{blog,
title={Gradient Fitting for Deep Learning},
author={Horrell, Michael},
howpublished = {\url{https://mthorrell.github.io/horrellblog/2019/04/28/gradient-fitting-for-deep-learning/}},
booktitle={horrellblog},
year={2019},
note = {Accessed: 2020-07-19}
}

@misc{microsoft, title={LightGBM: Machine Learning challenge winning solutions}, howpublished = {\url{https://github.com/microsoft/LightGBM/tree/master/examples#machine-learning-challenge-winning-solutions}}, journal={GitHub}, author={Microsoft}, year={2020}}

@inproceedings{tfboost,
  title={Tf boosted trees: A scalable tensorflow based framework for gradient boosting},
  author={Ponomareva, Natalia and Radpour, Soroush and Hendry, Gilbert and Haykal, Salem and Colthurst, Thomas and Mitrichev, Petr and Grushetsky, Alexander},
  booktitle={Joint European Conference on Machine Learning and Knowledge Discovery in Databases},
  pages={423--427},
  year={2017},
  organization={Springer}
}


@inproceedings{multitree,
author = {Dumont, Marie and Marée, Raphaël and Wehenkel, Louis and Geurts, Pierre},
year = {2009},
month = {01},
pages = {196-203},
title = {Fast Multi-class Image Annotation with Random Subwindows and Multiple Output Randomized Trees.},
volume = {2}
}

@inproceedings{tf,
  title={Tensorflow: A system for large-scale machine learning},
  author={Abadi, Mart{\'\i}n and Barham, Paul and Chen, Jianmin and Chen, Zhifeng and Davis, Andy and Dean, Jeffrey and Devin, Matthieu and Ghemawat, Sanjay and Irving, Geoffrey and Isard, Michael and others},
  booktitle={12th symposium on operating systems design and implementation)},
  pages={265--283},
  year={2016}
}

@inproceedings{dndf,
  title={Deep neural decision forests},
  author={Kontschieder, Peter and Fiterau, Madalina and Criminisi, Antonio and Rota Bulo, Samuel},
  booktitle={Proceedings of the IEEE international conference on computer vision},
  pages={1467--1475},
  year={2015}
}

@article{ndt,
  title={Neural decision trees},
  author={Balestriero, Randall},
  journal={arXiv preprint arXiv:1702.07360},
  year={2017}
}

@article{node,
  title={Neural Oblivious Decision Ensembles for Deep Learning on Tabular Data},
  author={Popov, Sergei and Morozov, Stanislav and Babenko, Artem},
  journal={arXiv preprint arXiv:1909.06312},
  year={2019}
}

@inproceedings{deepgbm,
  title={DeepGBM: A deep learning framework distilled by GBDT for online prediction tasks},
  author={Ke, Guolin and Xu, Zhenhui and Zhang, Jia and Bian, Jiang and Liu, Tie-Yan},
  booktitle={Proceedings of the 25th ACM SIGKDD International Conference on Knowledge Discovery \& Data Mining},
  pages={384--394},
  year={2019}
}