%--------------------
%reference to add

@book{lange2013optimization,
  title={Optimization},
  author={Lange, Kenneth},
  volume={95},
  year={2013},
  publisher={Springer Science \& Business Media}
}

@article{bhattacharya2016fast,
  title={Fast sampling with {G}aussian scale mixture priors in high-dimensional regression},
  author={Bhattacharya, Anirban and Chakraborty, Antik and Mallick, Bani K},
  journal={Biometrika},
  pages={asw042},
  year={2016},
  publisher={Oxford University Press}
}

@inproceedings{gupta2020multidimensional,
  title={Multidimensional shape constraints},
  author={Gupta, Maya and Louidor, Erez and Mangylov, Oleksandr and Morioka, Nobu and Narayan, Taman and Zhao, Sen},
  booktitle={International Conference on Machine Learning},
  pages={3918--3928},
  year={2020},
  organization={PMLR}
}

@article{metropolis1953equation,
  title={Equation of state calculations by fast computing machines},
  author={Metropolis, Nicholas and Rosenbluth, Arianna W and Rosenbluth, Marshall N and Teller, Augusta H and Teller, Edward},
  journal={Journal of Chemical Physics},
  volume={21},
  number={6},
  pages={1087--1092},
  year={1953},
  publisher={American Institute of Physics}
}

@incollection{geyer1996estimation,
  title={Estimation and optimization of functions},
  author={Geyer, Charles J},
  booktitle={Markov chain Monte Carlo in practice},
  pages={241--258},
  year={1996},
  publisher={Chapman and Hall}
}

@incollection{lange2013mm,
  title={The {MM} algorithm},
  author={Lange, Kenneth},
  booktitle={Optimization},
  pages={185--219},
  year={2013},
  publisher={Springer}
}

@article{hunter2004tutorial,
  title={A tutorial on {MM} algorithms},
  author={Hunter, David R and Lange, Kenneth},
  journal={The American Statistician},
  volume={58},
  number={1},
  pages={30--37},
  year={2004},
  publisher={Taylor \& Francis}
}

@article{dempster1977maximum,
  title={Maximum likelihood from incomplete data via the {EM} algorithm},
  author={Dempster, Arthur P and Laird, Nan M and Rubin, Donald B},
  journal={Journal of the Royal Statistical Society: Series B (Methodological)},
  volume={39},
  number={1},
  pages={1--22},
  year={1977},
  publisher={Wiley Online Library}
}

@inproceedings{kingma2014adam,
  title={Adam: A method for stochastic optimization},
  author={Kingma, Diederik P and Ba, Jimmy},
  journal={International Conference on Learning Representations},
  year={2015}
}

@article{tieleman2012rmsprop,
  title={Rmsprop: Divide the gradient by a running average of its recent magnitude. coursera: Neural networks for machine learning},
  author={Tieleman, Tijmen and Hinton, Geoffrey},
  journal={COURSERA Neural Networks Mach. Learn},
  year={2012}
}

@article{kendall2017uncertainties,
  title={What uncertainties do we need in {B}ayesian Deep Learning for computer vision?},
  author={Kendall, Alex and Gal, Yarin},
  journal={Advances in Neural Information Processing Systems},
  volume={30},
  pages={5574--5584},
  year={2017}
}

@article{tran2020bayesian,
  title={Bayesian deep net {GLM} and {GLMM}},
  author={Tran, M-N sand Nguyen, Nghia and Nott, David and Kohn, Robert},
  journal={Journal of Computational and Graphical Statistics},
  volume={29},
  number={1},
  pages={97--113},
  year={2020},
  publisher={Taylor \& Francis}
}

@article{wang2016towards,
  title={Towards {B}ayesian deep learning: A framework and some existing methods},
  author={Wang, Hao and Yeung, Dit-Yan},
  journal={IEEE Transactions on Knowledge and Data Engineering},
  volume={28},
  number={12},
  pages={3395--3408},
  year={2016},
  publisher={IEEE}
}

@article{higdon2008computer,
  title={Computer model calibration using high-dimensional output},
  author={Higdon, Dave and Gattiker, James and Williams, Brian and Rightley, Maria},
  journal={Journal of the American Statistical Association},
  volume={103},
  number={482},
  pages={570--583},
  year={2008},
  publisher={Taylor \& Francis}
}

@article{gramacy2008bayesian,
  title={Bayesian treed {G}aussian process models with an application to computer modeling},
  author={Gramacy, Robert B and Lee, Herbert K H},
  journal={Journal of the American Statistical Association},
  volume={103},
  number={483},
  pages={1119--1130},
  year={2008},
  publisher={Taylor \& Francis}
}

@article{fan2021selective,
  title={A selective overview of deep learning},
  author={Fan, Jianqing and Ma, Cong and Zhong, Yiqiao},
  journal={Statistical Science},
  volume={36},
  number={2},
  pages={264--290},
  year={2021},
  publisher={Institute of Mathematical Statistics}
}

@article{bhadra2021merging,
  title={Merging two cultures: deep and statistical learning},
  author={Bhadra, Anindya and Datta, Jyotishka and Polson, Nick and Sokolov, Vadim and Xu, Jianeng},
  journal={arXiv preprint arXiv:2110.11561},
  year={2021}
}

@article{polson2021deep,
  title={Deep learning partial least squares},
  author={Polson, Nicholas and Sokolov, Vadim and Xu, Jianeng},
  journal={arXiv preprint arXiv:2106.14085},
  year={2021}
}


%-----------------------

@inproceedings{gal2016dropout,
  title={Dropout as a {B}ayesian approximation: Representing model uncertainty in deep learning},
  author={Gal, Yarin and Ghahramani, Zoubin},
  booktitle={International Conference on Machine Learning},
  pages={1050--1059},
  year={2016},
  organization={PMLR}
}

@inproceedings{neal1993bayesian,
  title={Bayesian learning via stochastic dynamics},
  author={Neal, Radford M},
  booktitle={Advances in Neural Information Processing Systems},
  pages={475--482},
  year={1993}
}

@article{sun2021consistent,
  title={Consistent sparse deep learning: theory and computation},
  author={Sun, Yan and Song, Qifan and Liang, Faming},
  journal={Journal of the American Statistical Association},
  pages={1--15},
  year={2021},
  publisher={Taylor \& Francis}
}

@article{lakshminarayanan2017simple,
  title={Simple and scalable predictive uncertainty estimation using deep ensembles},
  author={Lakshminarayanan, Balaji and Pritzel, Alexander and Blundell, Charles},
  journal={Advances in Neural Information Processing Systems},
  volume={30},
  year={2017}
}


@article{silver2016mastering,
  title={Mastering the game of {Go} with deep neural networks and tree search},
  author={Silver, David and Huang, Aja and Maddison, Chris J and Guez, Arthur and Sifre, Laurent and Van Den Driessche, George and Schrittwieser, Julian and Antonoglou, Ioannis and Panneershelvam, Veda and Lanctot, Marc},
  journal={Nature},
  volume={529},
  number={7587},
  pages={484--489},
  year={2016},
  publisher={Nature Publishing Group}
}

@article{krizhevsky2012imagenet,
  title={Imagenet classification with deep convolutional neural networks},
  author={Krizhevsky, Alex and Sutskever, Ilya and Hinton, Geoffrey E},
  journal={Advances in Neural Information Processing Systems},
  volume={25},
  pages={1097--1105},
  year={2012}
}

@inproceedings{he2016deep,
  title={Deep residual learning for image recognition},
  author={He, Kaiming and Zhang, Xiangyu and Ren, Shaoqing and Sun, Jian},
  booktitle={Proceedings of the IEEE Conference on Computer Vision and Pattern Recognition},
  pages={770--778},
  year={2016}
}

@article{robbins1951stochastic,
  title={A stochastic approximation method},
  author={Robbins, Herbert and Monro, Sutton},
  journal={The Annals of Mathematical Statistics},
  pages={400--407},
  year={1951},
  publisher={JSTOR}
}

@inproceedings{murray2010elliptical,
  title={Elliptical slice sampling},
  author={Murray, Iain and Adams, Ryan and MacKay, David},
  booktitle={Proceedings of the thirteenth International  Conference on Artificial Intelligence and Statistics},
  pages={541--548},
  year={2010}
}

@article{neal2003slice,
  title={Slice sampling},
  author={Neal, Radford M},
  journal={The Annals of Statistics},
  pages={705--741},
  year={2003},
  publisher={JSTOR}
}

@article{geman1986diffusions,
  title={Diffusions for global optimization},
  author={Geman, Stuart and Hwang, Chii-Ruey},
  journal={SIAM Journal on Control and Optimization},
  volume={24},
  number={5},
  pages={1031--1043},
  year={1986},
  publisher={SIAM}
}

@article{geman1982nonparametric,
  title={Nonparametric maximum likelihood estimation by the method of sieves},
  author={Geman, Stuart and Hwang, Chii-Ruey},
  journal={The Annals of Statistics},
  pages={401--414},
  year={1982},
  publisher={JSTOR}
}

@inproceedings{foong2019between,
  title={'In-Between'Uncertainty in {B}ayesian Neural Networks},
  author={Foong, Andrew YK and Li, Yingzhen and Hern{\'a}ndez-Lobato, Jos{\'e} Miguel and Turner, Richard E},
  booktitle={Uncertainty in Deep Learning Workshop, ICML},
  year={2019}
}
@inproceedings{deng2019adaptive,
  title={An adaptive empirical {B}ayesian method for sparse deep learning},
  author={Deng, Wei and Zhang, Xiao and Liang, Faming and Lin, Guang},
  booktitle={Advances in Neural Information Processing Systems},
  pages={5563--5573},
  year={2019}
}
@inproceedings{wang2020uncertainty,
  title={Uncertainty quantification for sparse deep learning},
  author={Wang, Yuexi and Rockova, Veronika},
  booktitle={Artificial Intelligence and Statistics},
  year={2020}
}

@inproceedings{chen2014stochastic,
	title={Stochastic gradient {H}amiltonian {M}onte {C}arlo},
	author={Chen, Tianqi and Fox, Emily and Guestrin, Carlos},
	booktitle={International Conference on Machine Learning},
	pages={1683--1691},
	year={2014}
}
@article{neelakantan2015adding,
	title={Adding gradient noise improves learning for very deep networks},
	author={Neelakantan, Arvind and Vilnis, Luke and Le, Quoc V and Sutskever, Ilya and Kaiser, Lukasz and Kurach, Karol and Martens, James},
	journal={International Conference on Learning Representations},
	year={2017}
}

@article{neal2011mcmc,
	title={{MCMC using Hamiltonian dynamics}},
	author={Neal, Radford M},
	journal={Handbook of Markov Chain Monte Carlo},
	volume={2},
	number={11},
	pages={2},
	year={2011}
}
@article{heaton2017deep,
  title={Deep learning for finance: deep portfolios},
  author={Heaton, JB and Polson, NG and Witte, Jan Hendrik},
  journal={Applied Stochastic Models in Business and Industry},
  volume={33},
  number={1},
  pages={3--12},
  year={2017}
}

@article{kuan1994artificial,
  title={Artificial neural networks: an econometric perspective},
  author={Kuan, Chung-Ming and White, Halbert},
  journal={Econometric Reviews},
  volume={13},
  number={1},
  pages={1--91},
  year={1994}
}

@article{polson2015statistical,
  title={A statistical theory of deep learning via proximal splitting},
  author={Polson, Nicholas G and Willard, Brandon T and Heidari, Massoud},
  journal={arXiv:1509.06061},
  year={2015}
}

@article{polson2017deep,
  title={Deep learning: a {B}ayesian perspective},
  author={Polson, Nicholas G and Sokolov, Vadim},
  journal={Bayesian Analysis},
  volume={12},
  number={4},
  pages={1275--1304},
  year={2017},
  publisher={International Society for Bayesian Analysis}
}

@article{polson2011data,
  title={Data augmentation for {S}upport {V}ector {M}achines},
  author={Polson, Nicholas G and Scott, Steven L},
  journal={Bayesian Analysis},
  volume={6},
  number={1},
  pages={1--23},
  year={2011},
  publisher={International Society for Bayesian Analysis}
}

@article{telgarsky2012primal,
  title={A primal-dual convergence analysis of boosting},
  author={Telgarsky, Matus},
  journal={Journal of Machine Learning Research},
  volume={13},
  number={Mar},
  pages={561--606},
  year={2012}
}

@inproceedings{montufar2014number,
  title={On the number of linear regions of deep neural networks},
  author={Montufar, Guido F and Pascanu, Razvan and Cho, Kyunghyun and Bengio, Yoshua},
  booktitle={Advances in Neural Information Processing Systems},
  pages={2924--2932},
  year={2014}
}

@article{yarotsky2017error,
  title={Error bounds for approximations with deep {ReLU} networks},
  author={Yarotsky, Dmitry},
  journal={Neural Networks},
  volume={94},
  pages={103--114},
  year={2017},
  publisher={Elsevier}
}

@article{petersen2017optimal,
  title={Optimal approximation of piecewise smooth functions using deep {ReLU} neural networks},
  author={Petersen, Philipp and Voigtlaender, Felix},
  journal={Neural Networks},
  volume={108},
  pages={296--330},
  year={2018},
  publisher={Elsevier}
}

@article{montanelli2017deep,
  title={New error bounds for deep {ReLU} networks using sparse grids},
  author={Montanelli, Hadrien and Du, Qiang},
  journal={SIAM Journal on Mathematics of Data Science},
  volume={1},
  number={1},
  pages={78--92},
  year={2019},
  publisher={SIAM}
}

@article{chib1992bayes,
  title={Bayes inference in the {Tobit} censored regression model},
  author={Chib, Siddhartha},
  journal={Journal of Econometrics},
  volume={51},
  number={1-2},
  pages={79--99},
  year={1992},
  publisher={Elsevier}
}

@article{chib1996markov,
  title={{Markov chain Monte Carlo} simulation methods in econometrics},
  author={Chib, Siddhartha and Greenberg, Edward},
  journal={Econometric Theory},
  volume={12},
  number={3},
  pages={409--431},
  year={1996},
  publisher={Cambridge University Press}
}

@article{gawande1998comparing,
  title={Comparing theories of endogenous protection: {B}ayesian comparison of {T}obit models using {G}ibbs sampling output},
  author={Gawande, Kishore},
  journal={Review of Economics and Statistics},
  volume={80},
  number={1},
  pages={128--140},
  year={1998},
  publisher={MIT Press}
}

@article{lin2017does,
  title={Why does deep and cheap learning work so well?},
  author={Lin, Henry W and Tegmark, Max and Rolnick, David},
  journal={Journal of Statistical Physics},
  volume={168},
  number={6},
  pages={1223--1247},
  year={2017},
  publisher={Springer}
}

@inproceedings{gan2015learning,
  title={Learning deep sigmoid belief networks with data augmentation},
  author={Gan, Zhe and Henao, Ricardo and Carlson, David and Carin, Lawrence},
  booktitle={Artificial Intelligence and Statistics},
  pages={268--276},
  year={2015}
}

@article{polson2013bayesian,
  title={Bayesian inference for logistic models using {P{\'o}lya--Gamma} latent variables},
  author={Polson, Nicholas G and Scott, James G and 
  Windle, Jesse},
  journal={Journal of the American statistical Association},
  volume={108},
  number={504},
  pages={1339--1349},
  year={2013},
  publisher={Taylor \& Francis Group}
}

@article{gramacy2012simulation,
  title={Simulation-based regularized logistic regression},
  author={Gramacy, Robert B and Polson, Nicholas G},
  journal={Bayesian Analysis},
  volume={7},
  number={3},
  pages={567--590},
  year={2012},
  publisher={International Society for Bayesian Analysis}
}

@article{ranganathan2018new,
  title={A new backpropagation algorithm without gradient descent},
  author={Ranganathan, Varun and Natarajan, S},
  journal={arXiv:1802.00027},
  year={2018}
}

%--------------------------------
% To cite:
@article{kundu2018efficient,
  title={Efficient {B}ayesian regularization for graphical model selection},
  author={Kundu, Suprateek and Mallick, Bani K and Baladandayuthapani, Veera},
  journal={Bayesian Analysis},
  year={2018},
  publisher={International Society for Bayesian Analysis}
}

@article{bhattacharya2016fast,
  title={Fast sampling with {Gaussian} scale mixture priors in high-dimensional regression},
  author={Bhattacharya, Anirban and Chakraborty, Antik and Mallick, Bani K},
  journal={Biometrika},
  pages={asw042},
  year={2016},
  publisher={Oxford University Press}
}

@article{donoho201750,
  title={50 years of data science},
  author={Donoho, David},
  journal={Journal of Computational and Graphical Statistics},
  volume={26},
  number={4},
  pages={745--766},
  year={2017},
  publisher={Taylor \& Francis}
}

@article{hans2009bayesian,
  title={Bayesian lasso regression},
  author={Hans, Chris},
  journal={Biometrika},
  volume={96},
  number={4},
  pages={835--845},
  year={2009},
  publisher={Oxford University Press}
}

@article{friedman1991multivariate,
  title={Multivariate adaptive regression splines},
  author={Friedman, Jerome H},
  journal={The Annals of Statistics},
  volume={19},
  number={1},
  pages={1--67},
  year={1991},
  publisher={Institute of Mathematical Statistics}
}

@article{polson2013data,
  title={Data augmentation for {Non-G}aussian regression models using variance-mean mixtures},
  author={Polson, Nicholas G and Scott, James G},
  journal={Biometrika},
  volume={100},
  number={2},
  pages={459--471},
  year={2013},
  publisher={Oxford University Press}
}

@article{ma2018sampling,
  title={Sampling can be faster than optimization},
  author={Ma, Yi-An and Chen, Yuansi and Jin, Chi and Flammarion, Nicolas and Jordan, Michael I},
  journal={Proceedings of the National Academy of Sciences},
  volume={116},
  number={42},
  pages={20881--20885},
  year={2019}
}

@article{bach2017breaking,
  title={Breaking the curse of dimensionality with convex neural networks},
  author={Bach, Francis},
  journal={Journal of Machine Learning Research},
  volume={18},
  number={19},
  pages={1--53},
  year={2017}
}

@inproceedings{mhaskar2017and,
  title={When and why are deep networks better than shallow ones?},
  author={Mhaskar, Hrushikesh and Liao, Qianli and Poggio, Tomaso A},
  booktitle={Proceedings of the 31th Conference on Artificial Intelligence},
  pages={2343--2349},
  year={2017}
}International 

@article{poggio2017and,
  title={Why and when can deep-but not shallow-networks avoid the curse of dimensionality: a review},
  author={Poggio, Tomaso and Mhaskar, Hrushikesh and Rosasco, Lorenzo and Miranda, Brando and Liao, Qianli},
  journal={International Journal of Automation and Computing},
  volume={14},
  number={5},
  pages={503--519},
  year={2017},
  publisher={Springer}
}

@article{schmidt2017nonparametric,
  title={Nonparametric regression using deep neural networks with {ReLU} activation function},
  author={Schmidt-Hieber, Johannes},
  journal={The Annals of Statistics},
  volume={48},
  number={4},
  pages={1875--1897},
  year={2020},
  publisher={Institute of Mathematical Statistics}
}

@inproceedings{kolmogorov1957representation,
  title={On the representation of continuous functions of many variables by superposition of continuous functions of one variable and addition},
  author={Kolmogorov, Andrei Nikolaevich},
  booktitle={Doklady Akademii Nauk},
  volume={114},
  number={5},
  pages={953--956},
  year={1957},
  organization={Russian Academy of Sciences}
}

@article{vitushkin1964proof,
  title={Proof of the existence of analytic functions of several complex variables which are not representable by linear superpositions of continuously differentiable functions of fewer variables},
  author={Vitushkin, AG},
  journal={Soviet Mathematics},
  volume={5},
  pages={793--796},
  year={1964}
}

@article{pincus1968letter,
  title={A closed form solution of certain programming problems},
  author={Pincus, Martin},
  journal={Operations Research},
  volume={16},
  number={3},
  pages={690--694},
  year={1968},
  publisher={INFORMS}
}

@article{pincus1970letter,
  title={A {M}onte {C}arlo Method for the approximate solution of certain types of constrained optimization problems},
  author={Pincus, Martin},
  journal={Operations Research},
  volume={18},
  number={6},
  pages={1225--1228},
  year={1970},
  publisher={INFORMS}
}

@article{duan2018scaling,
  title={Scaling up data augmentation {MCMC} via calibration},
  author={Duan, Leo L and Johndrow, James E and Dunson, David B},
  journal={Journal of Machine Learning Research},
  volume={19},
  number={1},
  pages={2575--2608},
  year={2018},
  publisher={JMLR. org}
}

@inproceedings{wager2013dropout,
  title={Dropout training as adaptive regularization},
  author={Wager, Stefan and Wang, Sida and Liang, Percy S},
  booktitle={Advances in Neural Information Processing Systems},
  pages={351--359},
  year={2013}
}

@inproceedings{telgarsky2017neural,
  title={Neural networks and rational functions},
  author={Telgarsky, Matus},
  booktitle={Proceedings of the 34th International Conference on Machine Learning},
  volume={70},
  pages={3387--3393},
  year={2017},
  organization={JMLR. org}
}

@article{bauer2017deep,
  title={On deep learning as a remedy for the curse of dimensionality in nonparametric regression},
  author={Bauer, Benedikt and Kohler, Michael},
  journal={The Annals of Statistics},
  volume={47},
  number={4},
  pages={2261--2285},
  year={2019},
  publisher={Institute of Mathematical Statistics}
}

@inproceedings{liang2016deep,
  title={Why deep neural networks for function approximation?},
  author={Liang, Shiyu and Srikant, R},
 booktitle={International Conference on Learning Representations},
 year={2017}
}

@inproceedings{polson2018posterior,
  title={Posterior concentration for sparse deep learning},
  author={Polson, Nicholas G and Rockova, Veronika},
  booktitle={Advances in Neural Information Processing Systems},
  pages={938--949},
  year={2018}
}

@article{polson2015proximal,
  title={Proximal algorithms in statistics and machine learning},
  author={Polson, Nicholas G and Scott, James G and Willard, Brandon T},
  journal={Statistical Science},
  volume={30},
  number={4},
  pages={559--581},
  year={2015},
  publisher={Institute of Mathematical Statistics}
}

@article{geman1992constrained,
  title={Constrained restoration and the recovery of discontinuities},
  author={Geman, Donald and Reynolds, George},
  journal={IEEE Transactions on Pattern Analysis \& Machine Intelligence},
  number={3},
  pages={367--383},
  year={1992},
  publisher={IEEE}
}

@article{glynn2019bayesian,
  title={Bayesian analysis of dynamic linear topic models},
  author={Glynn, Chris and Tokdar, Surya T and Howard, Brian and Banks, David L},
  journal={Bayesian Analysis},
  volume={14},
  number={1},
  pages={53--80},
  year={2019},
  publisher={International Society for Bayesian Analysis}
}

@article{mallick2005bayesian,
  title={Bayesian classification of tumours by using gene expression data},
  author={Mallick, Bani K and Ghosh, Debashis and Ghosh, Malay},
  journal={Journal of the Royal Statistical Society: Series B},
  volume={67},
  number={2},
  pages={219--234},
  year={2005},
  publisher={Wiley Online Library}
}

@inproceedings{zhou2012beta,
  title={Beta-negative binomial process and {P}oisson factor analysis},
  author={Zhou, Mingyuan and Hannah, Lauren and Dunson, David and Carin, Lawrence},
  booktitle={Artificial Intelligence and Statistics},
  pages={1462--1471},
  year={2012}
}

@article{armagan2013generalized,
  title={Generalized double Pareto shrinkage},
  author={Armagan, Artin and Dunson, David B and Lee, Jaeyong},
  journal={Statistica Sinica},
  volume={23},
  number={1},
  pages={119},
  year={2013},
  publisher={NIH Public Access}
}



@inproceedings{nesterov1983method,
  title={A method for unconstrained convex minimization problem with the rate of convergence O (1/$k^2$)},
  author={Nesterov, Yurii},
  booktitle={Doklady AN USSR},
  volume={269},
  pages={543--547},
  year={1983}
}
 
@article{jacquier2007mcmc,
  title={{MCMC} maximum likelihood for latent state models},
  author={Jacquier, Eric and Johannes, Michael and Polson, Nicholas},
  journal={Journal of Econometrics},
  volume={137},
  number={2},
  pages={615--640},
  year={2007},
  publisher={Elsevier}
}

@inproceedings{blundell2015weight,
  title={Weight uncertainty in neural network},
  author={Blundell, Charles and Cornebise, Julien and Kavukcuoglu, Koray and Wierstra, Daan},
  booktitle={International Conference on Machine Learning},
  pages={1613--1622},
  year={2015}
}

@article{hinton2012improving,
  title={Improving neural networks by preventing co-adaptation of feature detectors},
  author={Hinton, Geoffrey E and Srivastava, Nitish and Krizhevsky, Alex and Sutskever, Ilya and Salakhutdinov, Ruslan R},
  journal={arXiv:1207.0580},
  year={2012}
}

@inproceedings{ullrich2017soft,
  title={Soft weight-sharing for neural network compression},
  author={Ullrich, Karen and Meeds, Edward and Welling, Max},
   booktitle={International Conference on Machine Learning},
  year={2017}
}

@article{newton2018weighted,
  title={Weighted {B}ayesian bootstrap for scalable posterior distributions},
  author={Newton, Michael A and Polson, Nicholas G and Xu, Jianeng},
  journal={Canadian Journal of Statistics},
  volume={49},
  number={2},
  pages={421--437},
  year={2021},
  publisher={Wiley Online Library}
}

@inproceedings{rezende2014stochastic,
  title={Stochastic backpropagation and approximate inference in deep generative models},
  author={Rezende, Danilo Jimenez and Mohamed, Shakir and Wierstra, Daan},
  booktitle={International Conference on Machine Learning},
  pages={1278--1286},
  year={2014}
}

@inproceedings{hernandez2015probabilistic,
  title={Probabilistic backpropagation for scalable learning of {B}ayesian neural networks},
  author={Hern{\'a}ndez-Lobato, Jos{\'e} Miguel and Adams, Ryan},
  booktitle={International Conference on Machine Learning},
  pages={1861--1869},
  year={2015}
}

@article{lange2000optimization,
  title={Optimization transfer using surrogate objective functions},
  author={Lange, Kenneth and Hunter, David R and Yang, Ilsoon},
  journal={Journal of Computational and Graphical Statistics},
  volume={9},
  number={1},
  pages={1--20},
  year={2000},
  publisher={Taylor \& Francis}
}

@article{polson2020deep,
  title={Deep learning: Computational aspects},
  author={Polson, Nicholas and Sokolov, Vadim},
  journal={Wiley Interdisciplinary Reviews: Computational Statistics},
  volume={12},
  number={5},
  pages={e1500},
  year={2020},
  publisher={Wiley Online Library}
}

@article{green1984iteratively,
  title={Iteratively reweighted least squares for maximum likelihood estimation, and some robust and resistant alternatives},
  author={Green, Peter J},
  journal={Journal of the Royal Statistical Society: Series B (Methodological)},
  volume={46},
  number={2},
  pages={149--170},
  year={1984},
  publisher={Wiley Online Library}
}

@article{phillips1996bayesian,
  title={Bayesian model comparison via jump diffusions},
  author={Phillips, David B and Smith, Adrian FM},
  journal={Markov Chain Monte Carlo in Practice},
  volume={215},
  pages={239},
  year={1996},
  publisher={New York: Springer}
}

@article{mandt2017stochastic,
  title={Stochastic gradient descent as approximate {B}ayesian inference},
  author={Mandt, Stephan and Hoffman, Matthew D and Blei, David M},
  journal={Journal of Machine Learning Research},
  volume={18},
  number={1},
  pages={4873--4907},
  year={2017},
  publisher={JMLR. org}
}

@article{roberts1998optimal,
  title={Optimal scaling of discrete approximations to Langevin diffusions},
  author={Roberts, Gareth O and Rosenthal, Jeffrey S},
  journal={Journal of the Royal Statistical Society: Series B (Statistical Methodology)},
  volume={60},
  number={1},
  pages={255--268},
  year={1998},
  publisher={Wiley Online Library}
}

@inproceedings{welling2011bayesian,
  title={Bayesian learning via stochastic gradient {L}angevin dynamics},
  author={Welling, Max and Teh, Yee W},
  booktitle={Proceedings of the 28th International  Conference on Machine Learning},
  pages={681--688},
  year={2011}
}

@inproceedings{ahn2012bayesian,
  title={Bayesian posterior sampling via stochastic gradient fisher scoring},
  author={Sungjin Ahn and Anoop Korattikara Balan and Max Welling},
    booktitle={Proceedings of the 29th International  Conference on Machine Learning},
    pages={1591-1598},
  year={2012}
}

