@article{Nakkiran2020DeepDD,
  title={Deep Double Descent: Where Bigger Models and More Data Hurt},
  author={Preetum Nakkiran and Gal Kaplun and Yamini Bansal and Tristan Yang and B. Barak and Ilya Sutskever},
  journal={ArXiv},
  year={2020},
  volume={abs/1912.02292}
}

@article{dAscoli2020DoubleTI,
  title={Double Trouble in Double Descent : Bias and Variance(s) in the Lazy Regime},
  author={St{\'e}phane d'Ascoli and Maria Refinetti and G. Biroli and F. Krzakala},
  journal={ArXiv},
  year={2020},
  volume={abs/2003.01054}
}

@article{Yang2020ACL,
  title={A Closer Look at Accuracy vs. Robustness},
  author={Y. Yang and Cyrus Rashtchian and Hongyang Zhang and R. Salakhutdinov and K. Chaudhuri},
  journal={arXiv: Learning},
  year={2020}
}

@article{Belkin2019ReconcilingMM,
  title={Reconciling modern machine-learning practice and the classical biasâ€“variance trade-off},
  author={Mikhail Belkin and Daniel J. Hsu and Siyuan Ma and Soumik Mandal},
  journal={Proceedings of the National Academy of Sciences},
  year={2019},
  volume={116},
  pages={15849 - 15854}
}

@article{Goodfellow2015ExplainingAH,
  title={Explaining and Harnessing Adversarial Examples},
  author={Ian J. Goodfellow and Jonathon Shlens and Christian Szegedy},
  journal={CoRR},
  year={2015},
  volume={abs/1412.6572}
}

@article{Madry2018TowardsDL,
  title={Towards Deep Learning Models Resistant to Adversarial Attacks},
  author={A. Madry and Aleksandar Makelov and L. Schmidt and D. Tsipras and Adrian Vladu},
  journal={ArXiv},
  year={2018},
  volume={abs/1706.06083}
}

@article{Huang2015LearningWA,
  title={Learning with a Strong Adversary},
  author={Ruitong Huang and B. Xu and Dale Schuurmans and Csaba Szepesvari},
  journal={ArXiv},
  year={2015},
  volume={abs/1511.03034}
}

@article{Kurakin2017AdversarialML,
  title={Adversarial Machine Learning at Scale},
  author={A. Kurakin and Ian J. Goodfellow and S. Bengio},
  journal={ArXiv},
  year={2017},
  volume={abs/1611.01236}
}

@article{Szegedy2014IntriguingPO,
  title={Intriguing properties of neural networks},
  author={Christian Szegedy and W. Zaremba and Ilya Sutskever and Joan Bruna and D. Erhan and Ian J. Goodfellow and R. Fergus},
  journal={CoRR},
  year={2014},
  volume={abs/1312.6199}
}

@article{Athalye2018ObfuscatedGG,
  title={Obfuscated Gradients Give a False Sense of Security: Circumventing Defenses to Adversarial Examples},
  author={Anish Athalye and Nicholas Carlini and D. Wagner},
  journal={ArXiv},
  year={2018},
  volume={abs/1802.00420}
}

@article{Uesato2018AdversarialRA,
  title={Adversarial Risk and the Dangers of Evaluating Against Weak Attacks},
  author={Jonathan Uesato and Brendan O'Donoghue and A. Oord and Pushmeet Kohli},
  journal={ArXiv},
  year={2018},
  volume={abs/1802.05666}
}

@article{Rice2020OverfittingIA,
  title={Overfitting in adversarially robust deep learning},
  author={Leslie Rice and Eric Wong and J. Z. Kolter},
  journal={ArXiv},
  year={2020},
  volume={abs/2002.11569}
}

@article{Zhang2020GeometryawareIA,
  title={Geometry-aware Instance-reweighted Adversarial Training},
  author={Jingfeng Zhang and Jianing Zhu and Gang Niu and B. Han and M. Sugiyama and M. Kankanhalli},
  journal={ArXiv},
  year={2020},
  volume={abs/2010.01736}
}

@article{Zagoruyko2016WideRN,
  title={Wide Residual Networks},
  author={Sergey Zagoruyko and Nikos Komodakis},
  journal={ArXiv},
  year={2016},
  volume={abs/1605.07146}
}

@inproceedings{Krizhevsky2009LearningML,
  title={Learning Multiple Layers of Features from Tiny Images},
  author={A. Krizhevsky},
  year={2009}
}

@article{Gowal2020UncoveringTL,
  title={Uncovering the Limits of Adversarial Training against Norm-Bounded Adversarial Examples},
  author={Sven Gowal and Chongli Qin and Jonathan Uesato and Timothy A. Mann and P. Kohli},
  journal={ArXiv},
  year={2020},
  volume={abs/2010.03593}
}

@article{Uesato2019AreLR,
  title={Are Labels Required for Improving Adversarial Robustness?},
  author={Jonathan Uesato and Jean-Baptiste Alayrac and Po-Sen Huang and Robert Stanforth and Alhussein Fawzi and P. Kohli},
  journal={ArXiv},
  year={2019},
  volume={abs/1905.13725}
}

@article{Carmon2019UnlabeledDI,
  title={Unlabeled Data Improves Adversarial Robustness},
  author={Y. Carmon and Aditi Raghunathan and L. Schmidt and Percy Liang and John C. Duchi},
  journal={ArXiv},
  year={2019},
  volume={abs/1905.13736}
}

@article{Yu2021UnderstandingGI,
  title={Understanding Generalization in Adversarial Training via the Bias-Variance Decomposition},
  author={Yaodong Yu and Zitong Yang and E. Dobriban and J. Steinhardt and Yi Ma},
  journal={ArXiv},
  year={2021},
  volume={abs/2103.09947}
}

@article{Northcutt2021PervasiveLE,
  title={Pervasive Label Errors in Test Sets Destabilize Machine Learning Benchmarks},
  author={Curtis G. Northcutt and Anish Athalye and Jonas Mueller},
  journal={ArXiv},
  year={2021},
  volume={abs/2103.14749}
}

@inproceedings{
pang2021bag,
title={Bag of Tricks for Adversarial Training},
author={Tianyu Pang and Xiao Yang and Yinpeng Dong and Hang Su and Jun Zhu},
booktitle={International Conference on Learning Representations},
year={2021},
url={https://openreview.net/forum?id=Xb8xvrtB8Ce}
}

@article{Kingma2015AdamAM,
  title={Adam: A Method for Stochastic Optimization},
  author={Diederik P. Kingma and Jimmy Ba},
  journal={CoRR},
  year={2015},
  volume={abs/1412.6980}
}

@article{He2016IdentityMI,
  title={Identity Mappings in Deep Residual Networks},
  author={Kaiming He and X. Zhang and Shaoqing Ren and Jian Sun},
  journal={ArXiv},
  year={2016},
  volume={abs/1603.05027}
}

@article{Simonyan2015VeryDC,
  title={Very Deep Convolutional Networks for Large-Scale Image Recognition},
  author={K. Simonyan and Andrew Zisserman},
  journal={CoRR},
  year={2015},
  volume={abs/1409.1556}
}

@inproceedings{Deng2009ImageNetAL,
  title={ImageNet: A large-scale hierarchical image database},
  author={Jia Deng and W. Dong and R. Socher and L. Li and K. Li and Li Fei-Fei},
  booktitle={CVPR},
  year={2009}
}

@article{Dong2021DataPF,
  title={Data Profiling for Adversarial Training: On the Ruin of Problematic Data},
  author={Chengyu Dong and Liyuan Liu and Jingbo Shang},
  journal={ArXiv},
  year={2021},
  volume={abs/2102.07437}
}

@article{Mei2019TheGE,
  title={The generalization error of random features regression: Precise asymptotics and double descent curve},
  author={Song Mei and A. Montanari},
  journal={arXiv: Statistics Theory},
  year={2019}
}

@article{Hastie2019SurprisesIH,
  title={Surprises in High-Dimensional Ridgeless Least Squares Interpolation},
  author={T. Hastie and A. Montanari and S. Rosset and R. Tibshirani},
  journal={ArXiv},
  year={2019},
  volume={abs/1903.08560}
}

@inproceedings{Yang2020RethinkingBT,
  title={Rethinking Bias-Variance Trade-off for Generalization of Neural Networks},
  author={Zitong Yang and Yaodong Yu and Chong You and J. Steinhardt and Y. Ma},
  booktitle={ICML},
  year={2020}
}

@inproceedings{LeCun2005TheMD,
  title={The mnist database of handwritten digits},
  author={Y. LeCun and Corinna Cortes},
  year={2005}
}

@article{Belkin2020TwoMO,
  title={Two models of double descent for weak features},
  author={Mikhail Belkin and Daniel J. Hsu and J. Xu},
  journal={SIAM J. Math. Data Sci.},
  year={2020},
  volume={2},
  pages={1167-1180}
}

@article{Deng2019AMO,
  title={A Model of Double Descent for High-dimensional Binary Linear Classification},
  author={Zeyu Deng and A. Kammoun and Christos Thrampoulidis},
  journal={ArXiv},
  year={2019},
  volume={abs/1911.05822}
}

@inproceedings{Jacot2020ImplicitRO,
  title={Implicit Regularization of Random Feature Models},
  author={Arthur Jacot and Berfin Simsek and F. Spadaro and Cl{\'e}ment Hongler and F. Gabriel},
  booktitle={ICML},
  year={2020}
}

@article{Raghunathan2019AdversarialTC,
  title={Adversarial Training Can Hurt Generalization},
  author={Aditi Raghunathan and Sang Michael Xie and Fanny Yang and John C. Duchi and Percy Liang},
  journal={ArXiv},
  year={2019},
  volume={abs/1906.06032}
}

@article{Zhang2018mixupBE,
  title={mixup: Beyond Empirical Risk Minimization},
  author={Hongyi Zhang and Moustapha Ciss{\'e} and Yann Dauphin and David Lopez-Paz},
  journal={ArXiv},
  year={2018},
  volume={abs/1710.09412}
}

@article{Guo2017OnCO,
  title={On Calibration of Modern Neural Networks},
  author={Chuan Guo and Geoff Pleiss and Yu Sun and Kilian Q. Weinberger},
  journal={ArXiv},
  year={2017},
  volume={abs/1706.04599}
}

@article{Gneiting2007StrictlyPS,
  title={Strictly Proper Scoring Rules, Prediction, and Estimation},
  author={T. Gneiting and A. Raftery},
  journal={Journal of the American Statistical Association},
  year={2007},
  volume={102},
  pages={359 - 378}
}

@article{Brier1950VERIFICATIONOF,
  title={VERIFICATION OF FORECASTS EXPRESSED IN TERMS OF PROBABILITY},
  author={G. Brier},
  journal={Monthly Weather Review},
  year={1950},
  volume={78},
  pages={1-3}
}

@article{Dawid1982TheWB,
  title={The Well-Calibrated Bayesian},
  author={A. Dawid},
  journal={Journal of the American Statistical Association},
  year={1982},
  volume={77},
  pages={605-610}
}

@article{Degroot1983TheCA,
  title={The Comparison and Evaluation of Forecasters.},
  author={M. Degroot and S. Fienberg},
  journal={The Statistician},
  year={1983},
  volume={32},
  pages={12-22}
}

@article{Naeini2015ObtainingWC,
  title={Obtaining Well Calibrated Probabilities Using Bayesian Binning},
  author={M. Naeini and G. Cooper and M. Hauskrecht},
  journal={Proceedings of the ... AAAI Conference on Artificial Intelligence. AAAI Conference on Artificial Intelligence},
  year={2015},
  volume={2015},
  pages={
          2901-2907
        }
}

@inproceedings{Vaicenavicius2019EvaluatingMC,
  title={Evaluating model calibration in classification},
  author={Juozas Vaicenavicius and David Widmann and Carl R. Andersson and F. Lindsten and Jacob Roll and Thomas Bo Sch{\"o}n},
  booktitle={AISTATS},
  year={2019}
}

@inproceedings{Kumar2019VerifiedUC,
  title={Verified Uncertainty Calibration},
  author={Ananya Kumar and Percy Liang and Tengyu Ma},
  booktitle={NeurIPS},
  year={2019}
}

@inproceedings{Lakshminarayanan2017SimpleAS,
  title={Simple and Scalable Predictive Uncertainty Estimation using Deep Ensembles},
  author={Balaji Lakshminarayanan and A. Pritzel and C. Blundell},
  booktitle={NIPS},
  year={2017}
}

@article{Hinton2015DistillingTK,
  title={Distilling the Knowledge in a Neural Network},
  author={Geoffrey E. Hinton and Oriol Vinyals and J. Dean},
  journal={ArXiv},
  year={2015},
  volume={abs/1503.02531}
}

@article{Smith2017CyclicalLR,
  title={Cyclical Learning Rates for Training Neural Networks},
  author={Leslie N. Smith},
  journal={2017 IEEE Winter Conference on Applications of Computer Vision (WACV)},
  year={2017},
  pages={464-472}
}

@article{Loshchilov2017SGDRSG,
  title={SGDR: Stochastic Gradient Descent with Warm Restarts},
  author={I. Loshchilov and F. Hutter},
  journal={arXiv: Learning},
  year={2017}
}

@article{Tsipras2019RobustnessMB,
  title={Robustness May Be at Odds with Accuracy},
  author={D. Tsipras and Shibani Santurkar and L. Engstrom and A. Turner and A. Madry},
  journal={arXiv: Machine Learning},
  year={2019}
}

@inproceedings{Ilyas2019AdversarialEA,
  title={Adversarial Examples Are Not Bugs, They Are Features},
  author={Andrew Ilyas and Shibani Santurkar and D. Tsipras and L. Engstrom and B. Tran and A. Madry},
  booktitle={NeurIPS},
  year={2019}
}


@inproceedings{chen2021robust,
  title={Robust overfitting may be mitigated by properly learned smoothening},
  author={Chen, Tianlong and Zhang, Zhenyu and Liu, Sijia and Chang, Shiyu and Wang, Zhangyang},
  booktitle={International Conference on Learning Representations},
  volume={1},
  year={2021}
}


@article{Huang2020SelfAdaptiveTB,
  title={Self-Adaptive Training: beyond Empirical Risk Minimization},
  author={Lang Huang and C. Zhang and Hongyang Zhang},
  journal={ArXiv},
  year={2020},
  volume={abs/2002.10319}
}

@article{Zhang2020DistillingES,
  title={Distilling Effective Supervision From Severe Label Noise},
  author={Zizhao Zhang and Han Zhang and Sercan {\"O}. Arik and Honglak Lee and Tomas Pfister},
  journal={2020 IEEE/CVF Conference on Computer Vision and Pattern Recognition (CVPR)},
  year={2020},
  pages={9291-9300}
}

@article{Li2017LearningFN,
  title={Learning from Noisy Labels with Distillation},
  author={Y. Li and Jianchao Yang and Yale Song and L. Cao and Jiebo Luo and L. Li},
  journal={2017 IEEE International Conference on Computer Vision (ICCV)},
  year={2017},
  pages={1928-1936}
}

@article{Papernot2017PracticalBA,
  title={Practical Black-Box Attacks against Machine Learning},
  author={Nicolas Papernot and P. Mcdaniel and I. Goodfellow and S. Jha and Z. Y. Celik and A. Swami},
  journal={Proceedings of the 2017 ACM on Asia Conference on Computer and Communications Security},
  year={2017}
}

@inproceedings{Ba2020GeneralizationOT,
  title={Generalization of Two-layer Neural Networks: An Asymptotic Viewpoint},
  author={Jimmy Ba and M. Erdogdu and T. Suzuki and Denny Wu and Tianzong Zhang},
  booktitle={ICLR},
  year={2020}
}

@article{Hendrycks2019BenchmarkingNN,
  title={Benchmarking Neural Network Robustness to Common Corruptions and Perturbations},
  author={Dan Hendrycks and Thomas G. Dietterich},
  journal={ArXiv},
  year={2019},
  volume={abs/1903.12261}
}


@article{Kini2020AnalyticSO,
  title={Analytic Study of Double Descent in Binary Classification: The Impact of Loss},
  author={Ganesh R. Kini and Christos Thrampoulidis},
  journal={2020 IEEE International Symposium on Information Theory (ISIT)},
  year={2020},
  pages={2527-2532}
}

@article{Reed2015TrainingDN,
  title={Training Deep Neural Networks on Noisy Labels with Bootstrapping},
  author={Scott E. Reed and Honglak Lee and Dragomir Anguelov and Christian Szegedy and D. Erhan and Andrew Rabinovich},
  journal={CoRR},
  year={2015},
  volume={abs/1412.6596}
}

@article{Sanchez2019UnsupervisedLN,
  title={Unsupervised label noise modeling and loss correction},
  author={Eric Arazo Sanchez and Diego Ortego and P. Albert and N. O'Connor and Kevin McGuinness},
  journal={ArXiv},
  year={2019},
  volume={abs/1904.11238}
}


@article{Advani2020HighdimensionalDO,
  title={High-dimensional dynamics of generalization error in neural networks},
  author={Madhu S. Advani and Andrew M. Saxe},
  journal={Neural Networks},
  year={2020},
  volume={132},
  pages={428 - 446}
}

@article{Izmailov2018AveragingWL,
  title={Averaging Weights Leads to Wider Optima and Better Generalization},
  author={Pavel Izmailov and Dmitrii Podoprikhin and T. Garipov and D. Vetrov and A. Wilson},
  journal={ArXiv},
  year={2018},
  volume={abs/1803.05407}
}

@article{Song2020LearningFN,
  title={Learning from Noisy Labels with Deep Neural Networks: A Survey},
  author={Hwanjun Song and Minseok Kim and Dongmin Park and J. Lee},
  journal={ArXiv},
  year={2020},
  volume={abs/2007.08199}
}

@article{Frnay2014ClassificationIT,
  title={Classification in the Presence of Label Noise: A Survey},
  author={Beno{\^i}t Fr{\'e}nay and M. Verleysen},
  journal={IEEE Transactions on Neural Networks and Learning Systems},
  year={2014},
  volume={25},
  pages={845-869}
}

@article{Angluin2005LearningFN,
  title={Learning From Noisy Examples},
  author={D. Angluin and P. Laird},
  journal={Machine Learning},
  year={2005},
  volume={2},
  pages={343-370}
}

@article{Papernot2016TowardsTS,
  title={Towards the Science of Security and Privacy in Machine Learning},
  author={Nicolas Papernot and P. McDaniel and Arunesh Sinha and Michael P. Wellman},
  journal={ArXiv},
  year={2016},
  volume={abs/1611.03814}
}


@inproceedings{Su2018IsRT,
  title={Is Robustness the Cost of Accuracy? - A Comprehensive Study on the Robustness of 18 Deep Image Classification Models},
  author={D. Su and Huan Zhang and H. Chen and Jinfeng Yi and P. Chen and Yupeng Gao},
  booktitle={ECCV},
  year={2018}
}

@article{Zhang2019TheoreticallyPT,
  title={Theoretically Principled Trade-off between Robustness and Accuracy},
  author={Hongyang Zhang and Yaodong Yu and J. Jiao and E. Xing and L. Ghaoui and Michael I. Jordan},
  journal={ArXiv},
  year={2019},
  volume={abs/1901.08573}
}


@article{raschkas_2018_mlxtend,
  author       = {Sebastian Raschka},
  title        = {MLxtend: Providing machine learning and data science 
                  utilities and extensions to Pythonâ€™s  
                  scientific computing stack},
  journal      = {The Journal of Open Source Software},
  volume       = {3},
  number       = {24},
  month        = apr,
  year         = 2018,
  publisher    = {The Open Journal},
  doi          = {10.21105/joss.00638},
  url          = {http://joss.theoj.org/papers/10.21105/joss.00638}
}

@inproceedings{Domingos2000AUB,
  title={A Unified Bias-Variance Decomposition for Zero-One and Squared Loss},
  author={Pedro M. Domingos},
  booktitle={AAAI/IAAI},
  year={2000}
}

@inproceedings{Croce2020ReliableEO,
  title={Reliable evaluation of adversarial robustness with an ensemble of diverse parameter-free attacks},
  author={F. Croce and M. Hein},
  booktitle={ICML},
  year={2020}
}


@article{Dong2021ExploringMI,
  title={Exploring Memorization in Adversarial Training},
  author={Yinpeng Dong and Ke Xu and Xiao Yang and Tianyu Pang and Zhijie Deng and Hang Su and Jun Zhu},
  journal={ArXiv},
  year={2021},
  volume={abs/2106.01606}
}

@inproceedings{Hastie2001TheEO,
  title={The Elements of Statistical Learning},
  author={Trevor J. Hastie and Robert Tibshirani and Jerome H. Friedman},
  year={2001}
}

@inproceedings{Neyshabur2017ExploringGI,
  title={Exploring Generalization in Deep Learning},
  author={Behnam Neyshabur and Srinadh Bhojanapalli and David McAllester and Nathan Srebro},
  booktitle={NIPS},
  year={2017}
}

@article{Zhang2017UnderstandingDL,
  title={Understanding deep learning requires rethinking generalization},
  author={Chiyuan Zhang and Samy Bengio and Moritz Hardt and Benjamin Recht and Oriol Vinyals},
  journal={ArXiv},
  year={2017},
  volume={abs/1611.03530}
}

@article{Wu2020AdversarialWP,
  title={Adversarial Weight Perturbation Helps Robust Generalization},
  author={Dongxian Wu and Shutao Xia and Yisen Wang},
  journal={arXiv: Learning},
  year={2020}
}

@article{Stutz2021RelatingAR,
  title={Relating Adversarially Robust Generalization to Flat Minima},
  author={David Stutz and Matthias Hein and B. Schiele},
  journal={ArXiv},
  year={2021},
  volume={abs/2104.04448}
}

@article{Singla2021LowCA,
  title={Low Curvature Activations Reduce Overfitting in Adversarial Training},
  author={Vasu Singla and Sahil Singla and David Jacobs and Soheil Feizi},
  journal={ArXiv},
  year={2021},
  volume={abs/2102.07861}
}


@article{Chen2020AdversarialRF,
  title={Adversarial Robustness: From Self-Supervised Pre-Training to Fine-Tuning},
  author={Tianlong Chen and Sijia Liu and Shiyu Chang and Yu Cheng and Lisa Amini and Zhangyang Wang},
  journal={2020 IEEE/CVF Conference on Computer Vision and Pattern Recognition (CVPR)},
  year={2020},
  pages={696-705}
}

@article{Devries2017ImprovedRO,
  title={Improved Regularization of Convolutional Neural Networks with Cutout},
  author={Terrance Devries and Graham W. Taylor},
  journal={ArXiv},
  year={2017},
  volume={abs/1708.04552}
}


@inproceedings{Le2015TinyIV,
  title={Tiny ImageNet Visual Recognition Challenge},
  author={Ya Le and Xuan Yang},
  year={2015}
}

@article{Andriushchenko2020SquareAA,
  title={Square Attack: a query-efficient black-box adversarial attack via random search},
  author={Maksym Andriushchenko and F. Croce and Nicolas Flammarion and M. Hein},
  journal={ArXiv},
  year={2020},
  volume={abs/1912.00049}
}

@article{Chen2020RaySAR,
  title={RayS: A Ray Searching Method for Hard-label Adversarial Attack},
  author={J. Chen and Quanquan Gu},
  journal={Proceedings of the 26th ACM SIGKDD International Conference on Knowledge Discovery \& Data Mining},
  year={2020}
}


@inproceedings{Netzer2011ReadingDI,
  title={Reading Digits in Natural Images with Unsupervised Feature Learning},
  author={Yuval Netzer and Tiejie Wang and Adam Coates and A. Bissacco and Bo Wu and A. Ng},
  year={2011}
}

@article{Rebuffi2021FixingDA,
  title={Fixing Data Augmentation to Improve Adversarial Robustness},
  author={Sylvestre-Alvise Rebuffi and Sven Gowal and Dan Andrei Calian and Florian Stimberg and Olivia Wiles and Timothy A. Mann},
  journal={ArXiv},
  year={2021},
  volume={abs/2103.01946}
}


@inproceedings{Levin2008MarkovCA,
  title={Markov Chains and Mixing Times},
  author={David A. Levin and Yuval Peres and Elizabeth L. Wilmer},
  year={2008}
}

@article{Keskar2017OnLT,
  title={On Large-Batch Training for Deep Learning: Generalization Gap and Sharp Minima},
  author={Nitish Shirish Keskar and Dheevatsa Mudigere and Jorge Nocedal and Mikhail Smelyanskiy and Ping Tak Peter Tang},
  journal={ArXiv},
  year={2017},
  volume={abs/1609.04836}
}

@article{MoosaviDezfooli2019RobustnessVC,
  title={Robustness via Curvature Regularization, and Vice Versa},
  author={Seyed-Mohsen Moosavi-Dezfooli and Alhussein Fawzi and Jonathan Uesato and Pascal Frossard},
  journal={2019 IEEE/CVF Conference on Computer Vision and Pattern Recognition (CVPR)},
  year={2019},
  pages={9070-9078}
}


@article{Zhang2020AttacksWD,
  title={Attacks Which Do Not Kill Training Make Adversarial Learning Stronger},
  author={Jingfeng Zhang and Xilie Xu and B. Han and Gang Niu and Li-zhen Cui and Masashi Sugiyama and Mohan Kankanhalli},
  journal={ArXiv},
  year={2020},
  volume={abs/2002.11242}
}

@article{Ding2020MaxMarginA,
  title={Max-Margin Adversarial (MMA) Training: Direct Input Space Margin Maximization through Adversarial Training},
  author={G. W. Ding and Yash Sharma and Kry Yik Chau Lui and Ruitong Huang},
  journal={ArXiv},
  year={2020},
  volume={abs/1812.02637}
}

@article{Qian2020ConcentrationIF,
  title={Concentration Inequalities for Multinoulli Random Variables},
  author={Jian Qian and Ronan Fruit and Matteo Pirotta and Alessandro Lazaric},
  journal={ArXiv},
  year={2020},
  volume={abs/2001.11595}
}

@inproceedings{Weissman2003InequalitiesFT,
  title={Inequalities for the L1 Deviation of the Empirical Distribution},
  author={Tsachy Weissman and Erik Ordentlich and Gadiel Seroussi and Sergio Verd{\'u} and Marcelo J. Weinberger},
  year={2003}
}
