
@article{casgrain2020mean,
  title={Mean-field games with differing beliefs for algorithmic trading},
  author={Casgrain, Philippe and Jaimungal, Sebastian},
  journal={Mathematical Finance},
  volume={30},
  number={3},
  pages={995--1034},
  year={2020},
  publisher={Wiley Online Library}
}

@article{huang2010large,
  title={Large-population {LQG} games involving a major player: the {N}ash certainty equivalence principle},
  author={Huang, Minyi},
  journal={SIAM Journal on Control and Optimization},
  volume={48},
  number={5},
  pages={3318--3353},
  year={2010},
  publisher={SIAM}
}

@article{huang2015mean,
  title={Mean-field game strategies for optimal execution},
  author={Huang, Xuancheng and Jaimungal, Sebastian and Nourian, Mojtaba},
  journal={Applied Mathematical Finance, Forthcoming},
  year={2015}
}

@article{nourian2013ep,
  title={{$\epsilon$}-{N}ash mean field game theory for nonlinear stochastic dynamical systems with major and minor agents},
  author={Nourian, Mojtaba and Caines, Peter E},
  journal={SIAM Journal on Control and Optimization},
  volume={51},
  number={4},
  pages={3302--3331},
  year={2013},
  publisher={SIAM}
}

@article{lasry2007mean,
  title={Mean field games},
  author={Lasry, Jean-Michel and Lions, Pierre-Louis},
  journal={Japanese journal of mathematics},
  volume={2},
  number={1},
  pages={229--260},
  year={2007},
  publisher={Springer}
}

@article{huang2006large,
  title={Large population stochastic dynamic games: closed-loop McKean-Vlasov systems and the {N}ash certainty equivalence principle},
  author={Huang, Minyi and Malham{\'e}, Roland P and Caines, Peter E and others},
  journal={Communications in Information \& Systems},
  volume={6},
  number={3},
  pages={221--252},
  year={2006},
  publisher={International Press of Boston}
}



@inproceedings{konda2000actor,
	Author = {Konda, Vijay R and Tsitsiklis, John N},
	Booktitle = {Advances in neural information processing systems},
	Date-Added = {2019-03-03 13:56:05 -0500},
	Date-Modified = {2019-03-03 13:56:05 -0500},
	Pages = {1008--1014},
	Title = {Actor-critic algorithms},
	Year = {2000}}

@inproceedings{todorov2005generalized,
	Author = {Todorov, Emanuel and Li, Weiwei},
	Booktitle = {Proceedings of the 2005, American Control Conference, 2005.},
	Date-Added = {2019-03-02 14:29:39 -0500},
	Date-Modified = {2019-03-02 14:29:39 -0500},
	Organization = {IEEE},
	Pages = {300--306},
	Title = {A generalized iterative LQG method for locally-optimal feedback control of constrained nonlinear stochastic systems},
	Year = {2005}}

@inproceedings{zaheer2017deep,
  title={Deep sets},
  author={Zaheer, Manzil and Kottur, Satwik and Ravanbakhsh, Siamak and Poczos, Barnabas and Salakhutdinov, Ruslan R and Smola, Alexander J},
  booktitle={Advances in neural information processing systems},
  pages={3391--3401},
  year={2017}
}

@inproceedings{gu2016continuous,
	Author = {Gu, Shixiang and Lillicrap, Timothy and Sutskever, Ilya and Levine, Sergey},
	Booktitle = {International Conference on Machine Learning},
	Date-Added = {2019-02-16 14:59:48 -0500},
	Date-Modified = {2019-02-16 14:59:48 -0500},
	Pages = {2829--2838},
	Title = {Continuous deep q-learning with model-based acceleration},
	Year = {2016}}

@article{hu2003nash,
	Author = {Hu, Junling and Wellman, Michael P},
	Date-Added = {2019-02-16 14:58:53 -0500},
	Date-Modified = {2019-02-16 14:58:53 -0500},
	Journal = {Journal of machine learning research},
	Number = {Nov},
	Pages = {1039--1069},
	Title = {{N}ash Q-learning for general-sum stochastic games},
	Volume = {4},
	Year = {2003}}

@article{casgrain2018algorithmic,
  title={Mean Field Games with Partial Information for Algorithmic Trading},
  author={Casgrain, Philippe and Jaimungal, Sebastian},
  journal={arXiv preprint arXiv:1803.04094},
  year={2018}
}

@article{lachapelle2016efficiency,
  title={Efficiency of the price formation process in presence of high frequency participants: a mean field game analysis},
  author={Lachapelle, Aim{\'e} and Lasry, Jean-Michel and Lehalle, Charles-Albert and Lions, Pierre-Louis},
  journal={Mathematics and Financial Economics},
  volume={10},
  number={3},
  pages={223--262},
  year={2016},
  publisher={Springer}
}

@article{hu2019deep,
  title={Deep Fictitious Play for Stochastic Differential Games},
  author={Hu, Ruimeng},
  journal={arXiv preprint arXiv:1903.09376},
  year={2019}
}


@article{guo2019learning,
  title={Learning Mean-Field Games},
  author={Guo, Xin and Hu, Anran and Xu, Renyuan and Zhang, Junzi},
  journal={arXiv preprint arXiv:1901.09585},
  year={2019}
}


@article{carmona2017probabilistic,
  title={Probabilistic theory of mean field games: vol. i, mean field fbsdes, control, and games},
  author={Carmona, R and Delarue, F},
  journal={Stochastic Analysis and Applications. Springer Verlag},
  year={2017}
}


@inproceedings{hessel2018rainbow,
  title={Rainbow: Combining improvements in deep reinforcement learning},
  author={Hessel, Matteo and Modayil, Joseph and Van Hasselt, Hado and Schaul, Tom and Ostrovski, Georg and Dabney, Will and Horgan, Dan and Piot, Bilal and Azar, Mohammad and Silver, David},
  booktitle={Thirty-Second AAAI Conference on Artificial Intelligence},
  year={2018}
}


@article{mnih2013playing,
  title={Playing atari with deep reinforcement learning},
  author={Mnih, Volodymyr and Kavukcuoglu, Koray and Silver, David and Graves, Alex and Antonoglou, Ioannis and Wierstra, Daan and Riedmiller, Martin},
  journal={arXiv preprint arXiv:1312.5602},
  year={2013}
}


@inproceedings{sutton2000policy,
  title={Policy gradient methods for reinforcement learning with function approximation},
  author={Sutton, Richard S and McAllester, David A and Singh, Satinder P and Mansour, Yishay},
  booktitle={Advances in neural information processing systems},
  pages={1057--1063},
  year={2000}
}

@article{bu2008comprehensive,
  title={A comprehensive survey of multiagent reinforcement learning},
  author={Bu, Lucian and Babu, Robert and De Schutter, Bart and others},
  journal={IEEE Transactions on Systems, Man, and Cybernetics, Part C (Applications and Reviews)},
  volume={38},
  number={2},
  pages={156--172},
  year={2008},
  publisher={IEEE}
}

@inproceedings{lanctot2017unified,
  title={A unified game-theoretic approach to multiagent reinforcement learning},
  author={Lanctot, Marc and Zambaldi, Vinicius and Gruslys, Audrunas and Lazaridou, Angeliki and Tuyls, Karl and P{\'e}rolat, Julien and Silver, David and Graepel, Thore},
  booktitle={Advances in Neural Information Processing Systems},
  pages={4190--4203},
  year={2017}
}


@article{neuman2021trading,
  title={Trading with the Crowd},
  author={Neuman, Eyal and Vo{\ss}, Moritz},
  journal={Available at SSRN 3868708},
  year={2021}
}

@article{elfwing2018sigmoid,
  title={Sigmoid-weighted linear units for neural network function approximation in reinforcement learning},
  author={Elfwing, Stefan and Uchibe, Eiji and Doya, Kenji},
  journal={Neural Networks},
  volume={107},
  pages={3--11},
  year={2018},
  publisher={Elsevier}
}

@inproceedings{loshchilov2018decoupled,
  title={Decoupled Weight Decay Regularization},
  author={Loshchilov, Ilya and Hutter, Frank},
  booktitle={International Conference on Learning Representations},
  year={2018}
}

@article{brown1951iterative,
  title={Iterative solution of games by fictitious play},
  author={Brown, George W},
  journal={Activity analysis of production and allocation},
  volume={13},
  number={1},
  pages={374--376},
  year={1951},
  publisher={New York}
}

@article{monderer1996potential,
  title={Potential games},
  author={Monderer, Dov and Shapley, Lloyd S},
  journal={Games and economic behavior},
  volume={14},
  number={1},
  pages={124--143},
  year={1996},
  publisher={Elsevier}
}

@article{berger2005fictitious,
  title={Fictitious play in 2$\times$ n games},
  author={Berger, Ulrich},
  journal={Journal of Economic Theory},
  volume={120},
  number={2},
  pages={139--154},
  year={2005},
  publisher={Elsevier}
}

@inproceedings{heinrich2015fictitious,
  title={Fictitious self-play in extensive-form games},
  author={Heinrich, Johannes and Lanctot, Marc and Silver, David},
  booktitle={International conference on machine learning},
  pages={805--813},
  year={2015},
  organization={PMLR}
}

@article{lillicrap2015continuous,
  title={Continuous control with deep reinforcement learning},
  author={Lillicrap, Timothy P and Hunt, Jonathan J and Pritzel, Alexander and Heess, Nicolas and Erez, Tom and Tassa, Yuval and Silver, David and Wierstra, Daan},
  journal={arXiv preprint arXiv:1509.02971},
  year={2015}
}